3450 5580
280 451 303 517 1
678 461 881 516 conburunt
907 461 1060 514 rursum

278 606 390 682 etiam
416 605 621 679 munimine
645 625 842 699 aquarum,
869 627 888 678 e
915 606 1038 695 scopo,
1064 602 1156 676 idest
1187 608 1315 698 pontes
1340 599 1453 692 saxei,

276 726 336 799 cbo
360 727 538 817 reddean,
564 724 654 799 idest
679 723 889 798 dividebant
913 721 1218 814 transversaliter,
1243 724 1295 813 pli
1319 723 1453 811 arpini,
1498 745 1499 749 ¹

276 844 368 919 idest
393 845 488 941 ripas
514 845 710 938 vallorum,
735 866 754 917 e
778 848 792 917 t
812 847 913 938 sossi,
931 843 1022 918 idest
1047 850 1085 918 et
1110 843 1204 938 ipsas
1228 841 1351 934 valles,
1370 860 1454 934 quae

277 970 374 1040 stant
402 964 439 1037 in
469 964 624 1039 circuitu
655 963 694 1036 iu
727 963 881 1037 modum
910 963 1105 1057 fossorum,
1136 964 1221 1054 infin
1257 964 1296 1034 ol
1317 963 1454 1053 pocob,

277 1084 413 1160 scilicet
445 1084 678 1180 praedictum,
716 1086 776 1156 obe
813 1089 957 1174 trema,
997 1082 1083 1176 quia
1117 1081 1166 1154 ibi
1209 1079 1455 1155 terminantur

278 1205 414 1298 omnia,
439 1227 458 1278 e
482 1207 651 1295 raccopn,
669 1203 755 1298 quia
770 1195 807 1296 (¹)
834 1203 957 1277 omnia
976 1201 1130 1279 tondunt
1152 1201 1199 1275 ad
1216 1207 1397 1292 centrum,
1416 1207 1453 1274 et

278 1342 407 1398 omncs
426 1345 534 1419 aquae
552 1330 826 1420 congregantur
846 1323 905 1417 ibi,
924 1329 961 1397 et
978 1327 1158 1419 stagnant,
1172 1322 1259 1415 quia
1276 1341 1349 1396 non
1369 1341 1454 1415 pos-

277 1451 363 1518 sunt
388 1444 544 1521 ulterius
569 1444 803 1537 descendere,
830 1464 991 1535 mooecn,
1016 1442 1108 1516 idest
1140 1441 1322 1516 habebant
1352 1441 1454 1535 prin-

277 1565 425 1661 cipium,
443 1565 521 1640 sive
534 1564 762 1660 incipiebant,
780 1566 829 1637 do
845 1568 916 1637 imo
932 1565 976 1636 de
992 1567 1028 1636 la
1048 1565 1180 1654 roccio,
1198 1561 1290 1635 idest
1306 1582 1328 1635 a
1345 1561 1453 1634 basso

277 1684 389 1781 ipsius
420 1684 519 1780 ripae,
550 1683 644 1759 sicut
670 1683 838 1758 videmus
863 1682 961 1776 quod
987 1681 1188 1755 fundantur
1217 1680 1451 1755 artificialiter

276 1811 405 1902 pontes
434 1804 564 1901 lapidei
595 1803 798 1877 inmundo
832 1808 968 1895 nostro,
999 1822 1111 1897 super
1140 1802 1353 1875 fluminibus
1386 1821 1453 1874 no—

277 1926 371 2019 stris,
393 1924 520 2018 quales
545 1929 632 1997 suut
656 1922 850 1996 Florentia
870 1942 981 2017 super
1006 1921 1117 2015 Arno,
1136 1928 1172 1994 et
1190 1921 1317 1994 Romae
1343 1940 1453 2014 super

277 2043 409 2137 Tiberi,
435 2048 472 2116 et
497 2040 674 2115 Aviuione
699 2061 810 2136 super
836 2040 1029 2134 Rhodano;
1061 2033 1132 2113 cosi
1157 2060 1253 2113 come
1278 2042 1454 2132 ponticelli

276 2184 364 2236 sono
381 2183 405 2234 a
422 2164 473 2234 tot
485 2165 655 2254 fortezze,
673 2159 765 2235 idest
789 2160 835 2234 ad
860 2160 944 2235 talia
966 2160 1113 2236 castella
1129 2160 1245 2256 posita
1271 2160 1308 2233 in
1333 2161 1452 2255 plano,

277 2285 428 2356 duitor
452 2283 555 2371 sopit,
576 2279 667 2356 idest
691 2280 739 2353 ab
764 2280 864 2354 ostiis
885 2290 1089 2376 portarum,
1108 2302 1132 2353 a
1149 2284 1186 2353 Ia
1206 2283 1289 2372 ripa
1305 2283 1451 2373 discor.

276 2403 321 2477 Et
345 2402 405 2476 bic
430 2406 517 2475 nota
543 2399 749 2496 allegorice,
772 2400 870 2494 quod
887 2407 997 2475 autor
1013 2421 1080 2496 per
1105 2402 1175 2474 boc
1200 2400 1336 2496 ilgurat
1352 2400 1452 2494 quod

276 2547 344 2623 pcr
372 2546 484 2601 unam
511 2524 669 2620 speciem
696 2524 836 2598 lraudis
853 2525 1036 2621 cognitam
1058 2525 1251 2602 devenitur
1269 2525 1305 2599 in
1326 2525 1453 2620 cogni-

275 2646 413 2722 tionem
441 2646 610 2738 alterius3
637 2645 724 2738 quia
749 2644 897 2719 fraudes
922 2652 1008 2718 sunt
1033 2645 1128 2721 inter
1153 2661 1196 2721 se'
1218 2652 1399 2721 contextae
1415 2638 1451 2737 (²)

275 2774 312 2842 et
337 2773 598 2858 concatenata,
624 2765 717 2839 sicut
744 2766 899 2839 maculae
925 2765 1055 2841 serreae
1080 2765 1118 2840 iu
1139 2766 1262 2858 lorica,
1280 2765 1330 2840 ita
1352 2765 1450 2859 quod

276 2909 350 2962 una
372 2908 446 2961 non
464 2892 583 2981 potest
600 2884 718 2980 lrangi
735 2884 795 2959 vel
811 2885 966 2959 lacerari
983 2876 1019 2978 (³)
1039 2885 1129 2979 quin
1147 2885 1273 2959 multae
1291 2907 1452 2980 sequan-

274 3013 357 3099 tur,
375 3012 411 3080 ct
430 3005 479 3079 ita
497 3026 571 3078 una
588 3002 718 3077 fraude
735 3009 862 3098 aperta
879 3004 999 3079 statim
1017 3011 1170 3100 paratur
1188 3005 1247 3079 via
1264 3005 1310 3079 ad
1328 3005 1449 3080 aliam.

274 3127 371 3222 Ergo
397 3125 492 3198 bene
510 3124 611 3220 fingit
629 3122 728 3217 quod
745 3123 876 3198 eadem
902 3124 960 3199 via
984 3124 1058 3198 itur
1078 3125 1115 3198 in
1132 3146 1262 3199 omnes
1279 3125 1325 3200 dc
1340 3131 1451 3221 ponte

274 3247 312 3320 iu
336 3250 498 3340 pontem,
524 3242 616 3317 idest
632 3242 679 3317 de
699 3242 818 3338 gradu
837 3243 873 3316 in
890 3244 1059 3340 gradum.
1075 3284 1125 3298 —
1137 3249 1181 3317 ln
1200 3253 1327 3336 questo.
1345 3246 1451 3319 Nunc

273 3372 394 3459 autor,
421 3364 601 3459 descripto
627 3369 705 3438 toto
736 3363 874 3438 circulo
907 3371 1039 3440 octavo
1064 3365 1101 3436 in
1126 3365 1300 3460 generali,
1327 3366 1450 3461 incipit
1548 3384 1551 3388 *

273 3485 482 3560 describere
511 3484 668 3578 primam
695 3485 839 3578 vallem,
866 3484 903 3556 in
934 3505 1007 3578 qua
1039 3484 1190 3580 punitur
1215 3485 1334 3581 prima
1366 3508 1450 3582 spe-

273 3606 348 3681 cies
374 3604 522 3679 fraudis.
549 3605 592 3676 Et
617 3603 737 3699 primo
762 3604 981 3679 continuans
1006 3604 1101 3680 dicta
1118 3604 1277 3679 dicendis
1294 3607 1449 3684 ostendit

273 3725 459 3820 quomodo
485 3723 701 3799 intraverint
725 3724 884 3819 primam
910 3724 1056 3819 vallem,
1070 3724 1214 3800 dicens:
1242 3729 1303 3798 not
1326 3729 1446 3817 scosst,

271 3845 362 3920 idest
387 3844 589 3937 exonerati,
614 3843 778 3939 depositi,
805 3846 847 3916 dc
872 3848 909 3917 la
933 3848 1073 3918 sobtenc
1095 3847 1133 3917 dt
1160 3846 1290 3916 Gerton
1316 3849 1348 3917 ct
1372 3853 1447 3918 tro-

271 3985 410 4036 oammo
426 3967 464 4036 tn
484 3970 600 4055 questo
619 3966 708 4054 loco,
725 3962 861 4039 scilicet
877 3962 915 4035 in
933 3963 1012 4058 ripa
1028 3961 1190 4059 generali
1208 3963 1311 4037 istius
1327 3966 1447 4040 octavi

270 4082 398 4157 circuli
424 4083 634 4178 praescripti,
660 4084 721 4155 e’l
738 4087 857 4173 poeto,
885 4081 1019 4155 scilicet
1045 4080 1215 4177 Virgilius
1246 4084 1445 4158 ascendens

270 4201 433 4298 primum
459 4208 620 4297 pontem,
647 4209 745 4275 teum
770 4222 794 4273 a
818 4203 975 4292 dobba,
1002 4208 1035 4274 et
1056 4204 1092 4274 io
1116 4205 1166 4273 mi
1189 4206 1295 4275 mosst
1319 4206 1442 4299 dietm,

271 4343 429 4417 sequens
454 4323 605 4420 vestigia
631 4324 720 4398 cius.
735 4328 826 4396 -Α
861 4324 897 4394 lc
928 4343 1022 4394 man.
1050 4322 1115 4396 Hic
1139 4328 1250 4396 autor
1275 4323 1445 4398 describit

332 4509 362 4572 (¹)
378 4515 432 4570 116,
449 4512 509 4575 quia
525 4512 611 4562 omnia
628 4511 824 4575 sugnmt,qula
837 4523 889 4561 non
899 4515 1007 4573 possunt
1016 4510 1127 4560 ulterius
1137 4510 1292 4561 descendere
1301 4516 1329 4561 et
1337 4513 1446 4565 tendunt

270 4587 303 4638 ad
319 4593 448 4639 centrum.
590 4586 618 4652 (¹)
634 4588 659 4638 S.
676 4601 808 4640 connexu.
943 4586 971 4652 (¹)
989 4593 1042 4648 116,
1059 4586 1186 4639 maculari
1202 4588 1255 4638 sire
1272 4587 1390 4640 lacerari.
