3450 5580
276 424 323 491 34
669 434 872 488 conauruu
897 434 1048 485 mrnnm

274 583 375 658 tinua
395 582 560 675 llamma;
579 579 677 653 unde
694 580 839 675 vigente
856 574 891 670 ζ’)
911 578 1034 652 calore
1053 579 1191 652 iurioso
1207 570 1244 671 (¹)
1263 579 1452 676 exagitant

271 723 384 775 crura
414 708 450 775 et
483 701 604 796 pedes,
631 699 694 794 qui
719 705 816 773 stant
847 704 953 772 extra
978 704 1138 772 terram:
1166 706 1204 774 et
1234 701 1304 773 boc
1324 690 1360 792 (³)
1394 706 1452 775 cst

267 821 467 916 Justissima
493 841 602 915 poena
627 839 781 912 eorum3
801 818 976 913 quoniam
994 819 1063 912 isti,
1082 819 1146 913 qui
1164 818 1340 893 deberent
1359 839 1452 894 con-

272 941 439 1036 templari
469 939 630 1014 coelestia
670 947 706 1013 et
741 939 907 1013 meditari
940 938 1072 1032 divina,
1107 947 1297 1014 servantes
1327 940 1451 1036 legem

272 1061 402 1136 Christi
427 1062 533 1135 cuius
558 1059 775 1155 profitentur
801 1080 841 1133 se
863 1058 1018 1132 vicarios
1036 1065 1073 1133 et
1090 1060 1305 1156 imitatores,
1323 1063 1448 1135 omnia

272 1180 459 1255 mundana
485 1187 522 1254 et
547 1201 640 1253 vana
670 1179 850 1254 calcantes
864 1167 901 1270 (⁸)
929 1179 1156 1252 contrarium
1185 1181 1335 1275 iaciunt,
1362 1180 1448 1255 solis

273 1301 430 1375 terrenis
456 1300 710 1374 miserabiliter
731 1300 904 1373 immersi.
924 1299 1008 1373 ldeo
1025 1300 1120 1374 bene
1137 1301 1326 1397 linguntur
1343 1303 1448 1396 plan-

273 1421 339 1493 tati
364 1421 459 1495 intra
490 1427 640 1513 terram,
667 1419 753 1512 quia
783 1419 919 1493 babent
950 1439 1015 1493 cor
1044 1418 1090 1492 ad
1120 1420 1196 1493 sola
1232 1427 1379 1494 terrena
1411 1427 1448 1494 et

272 1539 383 1635 pedes
400 1546 528 1613 contra
545 1539 700 1632 coelum;
719 1538 822 1632 quasi
841 1537 980 1612 dicant:
1008 1538 1045 1611 in
1070 1546 1190 1612 totum
1213 1560 1346 1634 sperno
1367 1559 1448 1613 coe-

271 1660 387 1752 lestia,
414 1665 452 1733 et
478 1665 626 1733 terrena
652 1659 733 1732 colo
759 1665 834 1733 tota
861 1666 1004 1752 mente5
1023 1659 1072 1732 ita
1090 1660 1189 1752 quod
1207 1659 1346 1734 fodiunt
1372 1666 1449 1734 ter-

273 1799 353 1853 ram
380 1785 416 1853 ct
443 1787 616 1873 quaerunt
641 1800 790 1872 aurum,
808 1785 1005 1874 argentum
1021 1770 1058 1870 (⁶)
1087 1779 1122 1851 in
1149 1799 1205 1874 ca,
1223 1800 1291 1854 neo
1317 1787 1450 1854 curant

274 1900 533 1973 thesaurizare.
550 1899 616 1972 sibi
642 1899 679 1971 in
705 1898 816 1972 coelo:
843 1899 953 1993 pedes
978 1898 1149 1973 ardentes
1175 1910 1260 1976 sunt
1284 1899 1449 1975 allectio-

274 2039 339 2093 nes
370 2039 514 2111 eorum,
541 2039 625 2110 quae
658 2019 832 2091 continuo
863 2025 1060 2092 moventur
1090 2018 1224 2094 ardore
1256 2020 1449 2093 insatiabili

273 2138 326 2214 ad
347 2139 657 2232 concupiscentias
683 2158 778 2211 suas.
810 2139 884 2212 Neo
908 2138 1016 2232 dicas,
1043 2138 1138 2212 sicut
1167 2139 1280 2234 aliqui
1310 2140 1448 2234 dicunt,

274 2257 372 2350 quod
398 2257 455 2330 isti
481 2256 610 2330 ardent
636 2257 706 2329 sub
724 2263 823 2331 terra
841 2257 877 2329 in
896 2258 1044 2332 fornace
1062 2258 1153 2354 ignis
1170 2259 1341 2354 ardentis,
1359 2259 1447 2352 quia

272 2376 332 2449 isti
358 2397 431 2450 non
457 2387 659 2472 pascuntur
684 2378 741 2451 bic
768 2378 863 2473 igne,
890 2378 965 2451 imo
991 2385 1126 2474 sugunt
1155 2400 1310 2453 succum
1337 2387 1447 2455 terrae

273 2502 310 2569 et
335 2496 465 2573 bibunt
488 2518 625 2571 aurum
651 2497 697 2571 de
724 2499 865 2571 minera
881 2488 930 2591 (ὅ),
954 2497 1046 2572 idest
1066 2499 1169 2572 venis
1189 2506 1226 2573 et
1246 2501 1447 2575 visceribus

272 2623 394 2711 terrae,
415 2618 508 2691 sicut
534 2617 623 2689 bibit
646 2619 790 2691 Marcus
810 2618 962 2691 Crassus
981 2624 1160 2691 mortuus.
1180 2620 1284 2694 Nunc
1301 2620 1348 2695 ad
1365 2622 1448 2697 lite-

271 2759 372 2811 ram:
399 2737 483 2812 dicit
508 2749 641 2814 autor:
668 2742 708 2810 Io
739 2741 811 2812 vt'tli
835 2741 871 2810 la
891 2741 1009 2829 pietro
1036 2741 1143 2812 liuida
1165 2743 1272 2832 piano
1298 2744 1336 2814 di
1357 2746 1446 2836 sori,

270 2859 364 2933 idest
390 2859 642 2952 foraminibus,
669 2861 742 2930 tutti
766 2860 801 2930 d
814 2879 862 2929 tm
887 2861 1004 2950 larpo,
1022 2858 1113 2932 idest
1139 2881 1222 2953 quae
1248 2862 1372 2935 omnia
1392 2863 1448 2936 lo-

274 2981 416 3054 ramina
451 2990 557 3055 erant
588 2977 752 3052 eiusdem
786 2977 999 3073 latitudinis;
1032 2987 1138 3054 erant
1167 2981 1265 3055 enim
1300 2982 1448 3076 capacia

271 3100 382 3173 unius
408 3098 564 3172 bominis
591 3104 732 3171 tantum
751 3086 800 3191 ζ’),
818 3121 837 3170 e
853 3102 1015 3172 ciascuno
1038 3122 1103 3172 cro
1129 3104 1247 3194 londo,
1266 3101 1356 3176 idest
1376 3103 1450 3175 sin-

272 3220 361 3316 gula
387 3226 493 3294 erant
518 3218 555 3291 in
581 3219 699 3292 forma
726 3217 908 3313 circulari,
927 3242 993 3311 per
1018 3224 1049 3293 le
1073 3229 1177 3314 cosm,
1194 3222 1330 3297 scilicet
1354 3223 1449 3296 illius

271 3339 417 3435 aggeris
443 3339 520 3412 sive
553 3338 653 3431 ripae,
678 3359 697 3409 e
724 3359 791 3428 per
824 3341 859 3410 lo
889 3341 1013 3432 fondo,
1040 3339 1132 3414 idest
1163 3361 1229 3435 per
1261 3342 1447 3436 planitiem

271 3458 365 3531 illius
391 3459 507 3532 tertiae
532 3458 714 3532 vallis.''-
727 3462 807 3529 Non
840 3461 889 3530 mi
912 3481 1064 3551 parcan.
1096 3460 1161 3534 Hic
1192 3469 1303 3535 autor
1332 3461 1449 3556 expli-

273 3585 333 3652 cat
348 3567 383 3669 (⁸)
412 3578 568 3651 formam
596 3577 749 3650 istorum
777 3577 999 3651 foraminum
1026 3600 1092 3674 per
1118 3601 1231 3654 unam
1255 3602 1448 3676 compara-

272 3699 420 3774 tionem.
439 3696 492 3770 Ad
514 3696 620 3771 cuius
636 3696 919 3772 declarationem
938 3698 1049 3773 debes
1067 3701 1161 3775 scire
1178 3701 1277 3794 quod
1295 3703 1447 3776 Floren-

271 3820 331 3891 tiae
357 3819 393 3891 in
419 3817 570 3892 ecclesia
597 3818 774 3911 patronali
789 3819 974 3892 lobannis
999 3821 1166 3915 Baptistae
1192 3822 1290 3895 circa
1307 3822 1444 3895 iontem

270 3938 524 4032 baptismalem
551 3942 635 4009 sunt
652 3936 764 4029 aliqui
781 3936 919 4031 puteoli
937 3940 1136 4014 marmorei
1155 3940 1300 4013 rotundi
1319 3941 1355 4013 in
1374 3940 1447 4013 oir-

270 4057 371 4130 cuitu
402 4076 553 4150 capaces
585 4055 697 4127 unius
726 4055 884 4128 bominis
915 4062 1070 4150 tantum,
1097 4058 1133 4130 in
1164 4060 1298 4153 quibus
1329 4060 1448 4133 solent

334 4319 361 4383 (¹)
378 4320 404 4369 S.
421 4333 436 4368 a
453 4319 483 4370 Ε.
501 4326 619 4383 urgente.
964 4321 990 4382 (¹)
1007 4322 1033 4371 S.
1049 4336 1064 4372 e
1081 4323 1112 4372 E.
1129 4323 1236 4375 furioso.

333 4395 359 4456 ι’)
378 4399 423 4447 llll
439 4409 454 4446 e
472 4395 501 4445 E.
519 4396 575 4445 baeo
591 4402 638 4447 cst.
965 4397 992 4461 (⁸)
1008 4398 1034 4447 S.
1051 4399 1085 4448 ita
1102 4400 1239 4450 calcantes.

333 4473 359 4533 (⁸)
375 4471 401 4520 S.
417 4485 432 4520 a
448 4471 479 4520 E.
498 4475 634 4534 argentum
650 4477 676 4522 et
693 4485 808 4536 gemmas
824 4472 850 4520 in
867 4485 905 4522 ea.
965 4473 990 4532 (¹)
1008 4473 1038 4522 E.
1055 4475 1179 4525 minerva.

334 4547 360 4609 (⁷)
379 4551 432 4608 llll,
451 4552 552 4598 tantum
569 4552 667 4610 tamem
684 4550 837 4598 eumcum.
964 4548 990 4611 (⁸)
1007 4550 1033 4600 S.
1050 4552 1232 4616 exemplificat.
