3450 5580
272 447 319 512 tl
669 462 871 516 counuruu
896 464 1044 517 mranru

270 607 443 703 allegans,
463 606 561 700 quod
586 606 724 682 licitum
743 612 823 680 erat
840 606 964 679 omnia
990 606 1112 680 lacere
1133 625 1201 698 pro
1225 603 1445 678 exaltatione

271 729 457 822 ecclesiae3
484 727 731 824 magnificavit
756 733 793 802 et
818 727 944 802 ditavit
970 747 1116 801 summe
1146 747 1242 801 suos.
1270 727 1375 799 Nunc
1400 723 1446 797 nd

272 849 413 922 literam
440 847 733 921 descendendum
753 853 817 921 est.
837 846 929 921 Dicit
947 867 1038 943 ergo
1055 848 1223 921 Nicotaus
1242 845 1446 919 Bonilacio:

272 973 325 1041 Se'
339 976 374 1041 tu
398 961 428 1041 sl
453 975 540 1041 tosto
565 971 603 1041 di
627 971 820 1059 qaettavcr
841 971 956 1058 sazto,
977 966 1069 1040 idest
1094 966 1140 1042 de
1166 969 1339 1040 thesauro
1365 986 1447 1038 ma-

271 1109 356 1184 gno,
377 1109 445 1180 per
479 1090 639 1178 loquat,
672 1087 763 1160 idest
794 1107 861 1181 pro
896 1108 970 1180 qno
1000 1107 1075 1160 aere
1108 1085 1344 1180 acquirend0,
1374 1104 1445 1157 noo

272 1210 402 1280 temesti
426 1213 522 1278 torre
547 1209 757 1298 a'nyanno,
783 1206 869 1298 quia
897 1213 949 1279 tot
976 1205 1164 1279 iraudibns
1191 1226 1280 1277 usus
1305 1204 1382 1296 luit,
1404 1210 1447 1275 ut

272 1326 414 1420 audisti,
441 1332 483 1398 ut
508 1326 666 1420 eriperet
692 1325 883 1400 ecclesiam
910 1325 956 1399 de
978 1325 1147 1398 manibus
1164 1324 1360 1416 Coelestini,
1378 1322 1443 1416 qui

273 1452 397 1519 tamen
423 1446 596 1540 deceptus
622 1447 700 1539 luit,
727 1447 812 1539 quia
842 1446 958 1540 decipi
984 1446 1119 1538 voluit;
1146 1444 1232 1539 quia
1262 1443 1357 1517 bene
1382 1463 1446 1516 co-

272 1566 471 1663 gnoscebat
495 1566 731 1640 ambitionem
764 1567 947 1660 Bonilacii,
973 1572 1010 1640 et
1035 1566 1142 1640 cessit
1172 1564 1322 1638 consilio
1354 1563 1445 1657 eius,

273 1694 309 1761 et
335 1688 404 1760 hoc
430 1686 506 1780 ipse
531 1687 721 1780 quaerebat
750 1698 787 1763 et
811 1687 970 1781 optabat.
998 1688 1042 1760 ltt
1072 1686 1214 1760 etiarnsi
1240 1705 1443 1778 numquam

272 1807 471 1901 decepisset
492 1807 739 1900 Caelestinum,
758 1813 899 1880 constat
915 1800 964 1899 (¹),
988 1806 1086 1900 quod
1112 1807 1188 1900 ipse
1214 1804 1353 1897 fraude,
1372 1823 1446 1876 non

274 1933 374 2000 recta
407 1926 476 2018 via,
512 1926 677 2019 pervenit
715 1926 761 1998 ad
798 1931 974 2018 optatum.
1012 1925 1103 1997 Dicit
1136 1945 1248 2018 ergo:
1284 1925 1321 1995 to
1358 1923 1446 1994 betta

273 2051 405 2140 donne
431 2045 567 2119 scilicet
592 2045 900 2138 ecclesiamque
927 2051 981 2117 est
1006 2045 1133 2137 pulcra
1152 2065 1283 2138 sponsa
1302 2042 1444 2136 Christi,

269 2170 333 2259 poi
357 2169 393 2238 dt
415 2166 520 2258 farne
539 2168 687 2255 senze,
708 2165 842 2241 scilicet
858 2165 1049 2237 inhoneste
1076 2163 1265 2239 tractando
1291 2184 1386 2257 eam,
1410 2174 1446 2239 et

273 2286 523 2382 prostituendo
543 2292 730 2378 tamquam
753 2285 997 2359 meretricem.
1026 2284 1144 2376 Aliqui
1172 2291 1295 2357 tamen
1321 2282 1445 2356 dicunt

274 2407 371 2500 quod
408 2412 526 2500 potest
564 2406 712 2502 intelligi
746 2405 792 2479 de
826 2405 987 2498 quodam
1021 2404 1203 2478 comitissa
1237 2403 1444 2499 Margarita,

275 2547 386 2620 quarn
413 2525 619 2600 Bonilacius
646 2524 790 2598 tradidit
824 2524 968 2598 cuidam
1002 2523 1122 2616 nepoti
1157 2544 1249 2616 suo;
1276 2524 1339 2597 sed
1368 2523 1446 2597 sive

274 2649 343 2721 hoc
369 2647 505 2739 iecerit,
532 2648 608 2720 sive
635 2666 719 2739 non,
745 2652 855 2719 autor
873 2666 946 2719 non
963 2643 1125 2737 loquitur
1143 2643 1189 2717 de
1205 2644 1275 2717 alia
1297 2643 1446 2717 domina

274 2788 387 2860 qnam
405 2767 451 2840 de
468 2766 619 2841 ecclesia
633 2757 670 2856 (ἲ)
697 2785 894 2858 perquam
915 2765 1107 2857 aequisivit
1126 2765 1340 2837 thesaurum
1365 2784 1446 2837 ma-

273 2909 456 2983 gnum—
475 2888 547 2957 Tot.
565 2885 631 2958 llic
648 2890 756 2957 autor
775 2884 889 2979 tangit
906 2885 1169 2976 contusionem,
1188 2904 1301 2977 quarn
1320 2884 1446 2956 incur-

274 3007 321 3078 rit
346 3026 393 3080 en
419 3003 653 3097 responsione
674 3001 769 3075 illius
786 3003 933 3096 spiritus
952 3003 1208 3096 impertinente
1226 3003 1304 3095 sibi,
1322 3010 1359 3076 et
1376 3004 1447 3077 hoc

273 3145 340 3220 per
365 3122 676 3217 comparationem
703 3121 749 3195 de
770 3141 810 3195 se
832 3122 1079 3214 manifestam3
1103 3123 1200 3196 unde
1217 3122 1321 3195 dicit:
1340 3124 1375 3194 to
1392 3143 1447 3194 mc

272 3245 340 3337 sect
356 3247 417 3333 tot,
439 3242 530 3315 idest
553 3241 602 3315 ita
623 3241 807 3335 contusus,
827 3244 910 3331 quat
925 3263 990 3314 son
1007 3246 1105 3313 color
1122 3244 1182 3314 cte
1197 3249 1324 3314 swano
1344 3245 1448 3333 quast

274 3366 442 3455 coornati,
469 3362 571 3435 velut
596 3361 625 3434 si
652 3361 805 3453 loquens
831 3359 1080 3434 ludificaretur
1106 3383 1180 3455 eos,
1201 3382 1270 3453 per
1295 3382 1368 3434 non
1391 3365 1448 3434 in-

274 3485 394 3556 tcodcr
419 3475 472 3554 ctd
497 3474 598 3554 clt'de
623 3484 679 3552 tor
704 3484 868 3572 reposto,
894 3482 979 3573 quia
1010 3481 1144 3554 scilicet
1178 3481 1365 3574 responsio
1392 3481 1447 3555 vi·

274 3602 383 3676 detur
400 3601 549 3675 omnino
567 3600 684 3674 aliena
702 3600 749 3673 ab
767 3600 1063 3695 interrogatione,
1082 3608 1120 3674 et
1136 3600 1237 3674 ideo:
1259 3603 1447 3692 rtsportdcr

273 3743 346 3794 non
370 3741 493 3792 sonno.
521 3720 564 3791 Et
593 3720 693 3813 ponit
719 3719 881 3793 subitum
907 3720 1097 3793 consilium
1124 3719 1271 3815 Virgilii,
1298 3720 1445 3794 dicens:

275 3845 368 3913 attor
405 3842 560 3930 Vepitto,
590 3838 716 3912 videns
743 3859 804 3912 me
834 3846 933 3912 stare
958 3839 1008 3912 ita
1034 3859 1264 3934 suspensum,
1292 3840 1444 3914 tacitum

274 3969 312 4036 et
350 3967 508 4053 mutum,
544 3962 658 4032 desse:
696 3963 776 4033 dttte
814 3967 914 4050 tosto,
945 3980 992 4034 ne
1024 3961 1155 4053 perdas
1191 3968 1347 4055 tempus,
1374 3984 1447 4036 non

274 4104 340 4155 son
368 4085 469 4173 colui,
509 4101 578 4153 non
618 4101 682 4151 son
719 4083 810 4152 colat
845 4083 905 4152 otte
942 4084 1050 4172 credi,
1082 4082 1183 4174 quasi
1217 4082 1335 4155 dicat:
1372 4103 1447 4156 non

274 4224 357 4276 sum
384 4201 601 4293 Bonilacius,
628 4199 790 4292 quinon
824 4207 879 4273 est
908 4202 1028 4274 adhuc
1062 4207 1242 4295 mortuus,
1269 4202 1332 4276 sed
1362 4224 1445 4276 sum

275 4344 372 4398 unus
397 4322 516 4413 virne,
535 4341 607 4394 non
633 4320 871 4413 simoniacum
898 4320 979 4395 ideo
1006 4342 1078 4394 non
1105 4321 1188 4394 veni
1214 4322 1287 4395 huc
1304 4321 1349 4395 ad
1367 4343 1448 4416 poe-

337 4575 365 4638 l¹)
381 4573 410 4623 E·
428 4572 567 4622 ὓθῐῑθῑθῧδῑ·
948 4570 975 4633 (¹)
992 4571 1017 4623 S.
1037 4572 1145 4623 ccclesia
1162 4572 1218 4623 lici.
