3450 5580
628 466 767 521 clarus
791 467 948 522 neamus
973 469 1102 522 nouus.
1401 455 1446 523 ³5

271 619 370 687 stare
394 612 602 686 sacerdotes
627 631 715 685 cum
740 613 912 686 cruribus
941 613 987 687 ad
1012 614 1270 708 baptizandum
1298 634 1446 708 pueros,

271 742 312 808 ut
337 733 476 827 possint
505 733 654 806 liberius
684 739 722 806 et
746 733 902 807 habilius
932 753 1108 808 exercere
1139 734 1302 807 officium
1333 755 1444 808 suum

271 859 439 946 tempore
455 872 648 947 pressurae,
667 852 815 945 quando
829 845 866 944 (¹)
885 859 1029 948 oportet
1051 853 1161 926 simul
1179 861 1215 927 et
1231 855 1346 928 semel
1362 855 1446 948 plu-

272 992 331 1046 res
356 972 544 1066 baptizari,
571 972 746 1065 quoniam
772 980 847 1048 tota
874 973 1055 1047 Florentia
1077 980 1151 1046 tam
1170 974 1346 1069 populosa
1372 994 1446 1047 non

271 1092 382 1166 habet
407 1093 475 1165 nisi
507 1114 622 1166 unum
650 1093 875 1187 Baptismum
892 1085 928 1186 (²)
960 1100 1117 1188 tantum,
1143 1095 1237 1169 sicut
1257 1085 1294 1186 (³)
1327 1095 1448 1169 Bono-

274 1213 332 1287 nia
358 1220 427 1287 etc.
454 1214 559 1288 Nunc
584 1214 630 1287 ad
656 1214 798 1289 literam
824 1214 909 1288 dicit
928 1221 1056 1287 autor:
1078 1215 1138 1287 illa
1165 1215 1356 1309 foramina,
1375 1236 1448 1289 non

273 1337 321 1405 mi
340 1355 482 1426 parcan
499 1354 576 1406 men
593 1337 703 1426 ampli
717 1331 764 1408 nc
778 1337 944 1427 moptom,
962 1334 1067 1428 quasi
1083 1334 1178 1409 dicat
1191 1325 1247 1428 (ῆι
1269 1335 1306 1408 in
1327 1342 1446 1410 totum

273 1453 415 1547 similia,
436 1457 495 1526 ete
520 1459 597 1549 quei
620 1458 680 1527 cte
703 1475 769 1527 son
793 1458 851 1528 nel
874 1459 943 1534 mio
969 1456 1023 1528 bel
1044 1476 1112 1528 son
1141 1459 1326 1549 Gioounni,
1346 1457 1446 1553 quia,

275 1580 315 1646 ut
344 1573 471 1648 dicunt
500 1575 692 1668 florentini,
723 1574 819 1648 istud
856 1574 923 1648 fuit
956 1575 1133 1669 templum
1168 1578 1314 1665 Martis3
1349 1577 1447 1652 unde

274 1715 346 1768 non
377 1694 523 1768 videtur
554 1695 691 1769 habere
724 1695 882 1769 formam
916 1695 1078 1769 ecclesiae
1112 1696 1328 1790 christiana,
1360 1697 1446 1791 quia

272 1822 327 1889 est
361 1814 575 1908 rotundum,
605 1815 833 1911 angulatum,
868 1815 1007 1889 habens
1039 1827 1122 1891 octo
1153 1815 1262 1890 facies
1292 1817 1448 1912 angula-

272 1955 349 2028 res,
377 1935 501 2008 nescio
527 1942 650 2009 tamen
669 1935 848 2008 siveram
866 1936 922 2029 sit,
940 1935 1161 2028 quiasimile
1188 1936 1365 2030 templum
1393 1942 1448 2010 est

273 2054 308 2127 in
327 2054 476 2128 civitate
493 2054 636 2127 Parmae
663 2054 699 2126 in
725 2054 962 2149 Lumbardia;
989 2061 1025 2128 et
1051 2054 1153 2129 dicit:
1178 2058 1259 2149 fatti
1278 2077 1345 2147 per
1371 2059 1447 2129 loco

270 2177 324 2247 def
346 2175 591 2265 buttczzotmf,
626 2173 717 2248 idest
746 2175 978 2249 sacerdotum
1012 2175 1274 2270 baptizantium
1310 2174 1368 2249 ibi.
1404 2175 1448 2248 Et

272 2301 382 2369 autor
413 2293 613 2367 incidenter
645 2306 914 2372 commemorat
948 2317 1066 2367 unum
1100 2317 1228 2369 casum
1263 2296 1348 2369 satis
1384 2315 1449 2390 pe-

274 2417 477 2512 regrinum,
495 2414 558 2508 qui
584 2408 831 2507 emerseratt⁵t
852 2437 969 2510 pauco
997 2424 1162 2511 tempore
1179 2424 1266 2491 ante
1292 2418 1327 2489 in
1351 2416 1447 2491 dicto

272 2537 363 2610 loco.
399 2536 470 2623 Qui
503 2556 609 2609 casus
648 2536 713 2608 fuit
745 2535 847 2609 talis:
883 2557 969 2609 cum
1008 2536 1045 2607 in
1083 2536 1237 2610 ecclesia
1276 2536 1447 2630 predicta

270 2655 369 2729 circa
399 2655 627 2749 Baptismum
661 2654 888 2729 colluderent
921 2654 1069 2748 quidam
1100 2654 1217 2749 pueri,
1246 2665 1286 2731 ut
1319 2662 1374 2730 est
1403 2655 1450 2730 de

273 2797 390 2870 more,
412 2797 511 2848 unus
536 2796 669 2849 eorum
689 2775 861 2849 furiosior
881 2775 957 2848 aliis
975 2775 1122 2849 intravit
1150 2796 1265 2847 unum
1293 2775 1447 2849 istorum

271 2895 508 2987 foraminum,
530 2900 567 2968 et
592 2895 641 2969 ita
668 2904 705 2969 et
731 2892 850 2967 taliter
876 2893 1072 2988 implicavit
1098 2901 1135 2968 et
1157 2894 1307 2968 involvit
1328 2915 1449 2969 mem-

270 3016 338 3089 bra
364 3037 445 3108 sua,
472 3014 570 3108 quod
596 3015 696 3086 nulla
717 3018 809 3107 arte,
828 3014 929 3087 nullo
949 3013 1095 3109 ingenio
1117 3020 1261 3109 poterat
1287 3014 1370 3089 inde
1388 3035 1448 3089 re-

270 3135 367 3208 trahi
384 3124 433 3227 (⁰).
461 3133 709 3208 clamantibus
735 3153 826 3229 ergo
851 3131 986 3227 pueris,
1005 3133 1065 3226 qui
1093 3134 1196 3206 illum
1218 3135 1354 3230 juvare
1377 3154 1448 3208 non

270 3260 453 3350 poterant,
486 3253 604 3327 factus
633 3259 688 3326 est
717 3252 753 3324 in
784 3272 898 3346 parva
928 3252 1020 3325 hora
1054 3273 1212 3348 magnus
1247 3273 1450 3327 concursus

271 3374 417 3470 populi;
444 3379 481 3447 et
506 3373 668 3447 breviter
693 3372 795 3445 nullo
820 3370 956 3446 sciente
982 3377 1047 3445 aut
1065 3378 1213 3465 potente
1230 3392 1450 3447 succurrere

271 3515 392 3589 puero
417 3493 644 3588 periclitanti,
671 3492 882 3587 supervenit
911 3493 1058 3586 Dantes,
1084 3492 1148 3586 qui
1178 3499 1265 3566 tunc
1295 3500 1375 3568 erat
1405 3494 1451 3568 de

271 3614 463 3687 Prioribus
498 3612 720 3708 regentibus.
755 3611 823 3700 Qui
861 3611 982 3685 subito
1013 3612 1090 3685 viso
1123 3632 1251 3706 puero,
1288 3614 1451 3687 clamare

269 3733 403 3827 coepit:
424 3733 477 3806 ΑΙ]
503 3732 590 3826 quid
617 3732 743 3825 facitis,
766 3752 856 3828 gens
882 3731 1024 3827 ignara!
1051 3736 1219 3823 portetur
1246 3751 1319 3803 una
1346 3751 1453 3804 secu-

272 3854 340 3947 ris;
367 3859 404 3927 et
429 3853 604 3926 continuo
629 3858 771 3946 portata
798 3850 931 3944 securi,
948 3850 1083 3925 Dantes
1106 3850 1275 3923 manibus
1296 3851 1452 3945 propriis

271 3973 454 4069 percussit
480 3972 649 4067 lapidem,
676 3971 739 4064 qui
764 3971 811 4045 de
837 3990 1025 4044 marmore
1043 3977 1133 4063 erat,
1152 3976 1190 4044 et
1206 3969 1359 4044 faciliter
1377 3970 1451 4047 fre·

269 4097 341 4193 git:
368 4115 415 4169 ex
442 4114 517 4188 quo
543 4113 637 4188 puer
658 4091 762 4185 quasi
781 4091 1001 4165 reviviscens
1026 4113 1048 4164 a
1076 4090 1231 4164 mortuis
1253 4090 1345 4165 liber
1363 4111 1451 4166 eva-

337 4357 366 4420 Ρ)
381 4359 412 4409 E.
428 4359 531 4422 mundo
547 4358 647 4408 scillcet
662 4360 774 4421 oportet.
951 4356 979 4419 (¹)
995 4356 1025 4406 Ε.
1045 4356 1228 4419 mptutertum
1245 4356 1318 4407 elcut.

337 4434 365 4497 Γ)
383 4438 436 4495 tto,
453 4437 521 4486 sicut
536 4440 563 4485 et
579 4435 693 4485 Bononia
708 4435 794 4487 etiam.

338 4510 366 4570 (⁸)
384 4513 437 4570 lto,
454 4511 535 4560 dicat:
553 4511 606 4560 imo
622 4523 696 4574 aque
713 4509 798 4573 ampla
815 4512 841 4560 et
857 4520 930 4572 eque
947 4522 1048 4572 magna,
1065 4509 1137 4572 quast
1154 4508 1235 4558 dicat:
1253 4508 1279 4559 fn
1294 4512 1387 4561 totum.

337 4585 366 4646 (⁸)
383 4586 413 4636 R.
429 4594 571 4637 emerserat
588 4592 662 4636 antea
679 4586 799 4636 indicto.
955 4583 983 4648 (⁸,
1002 4588 1056 4646 lto,
1073 4584 1183 4635 extrahi.
