3450 5580
489 469 629 524 an'rUs
655 470 811 525 DECIMUS
836 470 1005 526 ocrnvlls.
1310 462 1331 532 3
1362 515 1364 520 .

151 616 383 711 punctaliter,
415 617 474 688 dal
505 635 629 708 campo
664 618 830 707 maligno.
863 617 908 692 Et
940 637 987 690 ex
1016 617 1120 692 dictis
1148 620 1333 695 concludit

149 737 251 833 quod
277 737 306 811 si
332 743 465 832 puteus
483 743 538 810 est
554 735 717 830 spericus
735 742 772 810 et
789 735 961 831 circulus,
980 758 1072 835 ergo
1098 745 1135 813 et
1157 760 1223 834 per
1241 761 1332 815 con-

150 877 311 950 sequens
337 876 466 930 omnes
491 856 604 929 valles
630 855 755 950 positae
781 855 877 930 inter
902 857 969 931 ista
995 857 1070 932 duo
1096 860 1216 933 media
1247 872 1334 938 sunt

151 977 316 1072 sperica.
344 976 436 1050 Dicit
461 996 575 1072 ergo:
602 978 763 1073 mosque
788 978 868 1068 quel
881 979 1027 1069 cacltio,
1046 977 1138 1053 idest
1156 986 1254 1054 totus
1272 982 1332 1057 ille

151 1096 329 1170 circuitus
343 1088 396 1190 (¹),
422 1098 481 1169 cde
505 1099 625 1169 timon
650 1103 708 1168 tra
724 1097 750 1167 ’l
770 1098 891 1188 porcio
916 1099 977 1170 e'l
988 1094 1048 1189 piel
1065 1101 1108 1171 de
1125 1102 1234 1172 l'olto
1250 1104 1333 1194 n'pa

153 1218 264 1307 dua,
288 1217 334 1290 de
360 1237 434 1309 qua
460 1215 598 1290 dictum
625 1222 689 1310 est,
717 1211 754 1289 e'e
780 1218 898 1307 modo,
916 1224 949 1290 et
963 1219 991 1290 il
1002 1221 1127 1311 sottdo,
1145 1218 1237 1295 idest
1258 1229 1333 1297 tota

154 1335 321 1429 planities
347 1356 493 1432 magna,
520 1333 557 1409 de
581 1339 720 1410 dutinto
744 1339 780 1409 in
807 1339 894 1410 deci
919 1340 1012 1432 volti,
1039 1360 1124 1433 quae
1148 1345 1334 1437 appellan-

156 1461 219 1527 tur
250 1455 394 1551 bulgiae.
413 1495 462 1510 —
486 1459 603 1543 Quale.
630 1456 695 1530 llic
720 1463 830 1531 autor
855 1455 1033 1552 descripta
1061 1450 1096 1551 (²)
1125 1461 1245 1538 forma
1269 1486 1337 1562 ge-

156 1574 273 1648 nerali
299 1575 410 1649 totins
435 1574 573 1669 circuli,
591 1575 753 1649 declarat
778 1575 936 1650 sormam
959 1578 1152 1671 specialem
1172 1583 1252 1657 eius
1269 1605 1336 1680 per

154 1715 272 1769 unam
297 1695 611 1790 comparationem
639 1695 724 1770 satis
751 1715 1002 1792 communem,
1024 1698 1131 1774 cuius
1156 1706 1337 1781 sententia

155 1820 213 1888 est
237 1814 324 1888 satis
341 1813 505 1909 contusa,
523 1821 561 1889 et
582 1815 688 1890 litera
710 1815 817 1890 valde
837 1815 1015 1890 intricata.
1033 1818 1118 1893 ldeo
1131 1811 1168 1912 (³)
1190 1823 1236 1896 ad
1257 1825 1337 1899 eius

156 1933 444 2008 declarationem
462 1939 573 2008 autor
590 1935 669 2007 vult
686 1933 809 2008 dicere
829 1935 1110 2011 sententialiter:
1132 1939 1336 2038 imaginare

157 2060 196 2128 et
224 2053 323 2150 linge
347 2055 412 2127 tibi
437 2053 474 2127 in
499 2059 705 2128 mentetua
725 2074 842 2126 unum
863 2055 1054 2128 castellum
1082 2060 1282 2135 rotundum
1299 2063 1337 2137 in

159 2194 296 2270 magna
322 2174 469 2268 planitie
494 2172 701 2269 campestri,
727 2173 826 2265 quod
854 2173 964 2247 habet
979 2163 1015 2266 (⁴)
1035 2176 1133 2252 circa
1156 2200 1196 2254 se
1213 2183 1338 2275 plnres

158 2302 198 2369 et
223 2295 348 2389 plures
373 2295 498 2388 lossas,
524 2301 561 2368 et
581 2294 688 2388 juxta
715 2300 859 2387 portam
886 2293 1023 2368 castelli
1054 2317 1077 2370 a
1108 2297 1187 2393 ripa
1212 2300 1338 2378 intima

160 2415 285 2509 incipit
310 2435 385 2488 nna
409 2415 508 2487 volta
533 2412 662 2508 pontia,
677 2432 762 2506 quae
787 2413 949 2507 cooperit
965 2406 1001 2505 (⁵)
1024 2415 1181 2509 primam
1203 2420 1336 2497 fossam

163 2554 284 2628 nsque
309 2533 355 2607 ad
381 2532 579 2607 secundam
607 2533 741 2626 ripam,
760 2538 796 2605 et
815 2531 862 2605 ita
881 2533 1042 2608 secunda
1059 2537 1157 2611 volta
1174 2538 1296 2635 incipit
1317 2564 1340 2618 a

162 2655 329 2730 secunda
346 2654 436 2748 ripa,
454 2660 491 2728 et
508 2652 671 2747 cooperit
691 2650 891 2726 secundam
908 2651 1042 2725 fossam
1060 2675 1179 2748 usque
1201 2658 1247 2731 ad
1265 2669 1341 2735 ter-

165 2777 255 2850 tiam
283 2775 418 2869 ripam3
437 2780 474 2848 et
491 2773 540 2847 ita
556 2772 602 2847 de
619 2772 789 2847 omnibus
811 2771 993 2865 usquead
1010 2772 1156 2870 decem,
1176 2776 1223 2850 ita
1242 2779 1342 2872 quod

164 2895 239 2969 sint
254 2885 291 2986 (ὅ)
318 2894 446 2968 decem
472 2913 582 2967 arcus
599 2892 761 2988 contigui
779 2891 984 2965 successive
1005 2914 1101 2967 unus
1117 2903 1198 2989 post
1215 2897 1341 2992 alium,

163 3023 203 3090 et
221 3022 346 3088 tamen
364 3014 409 3087 sit
422 3003 460 3106 (⁷)
478 3019 577 3087 totus
595 3033 691 3085 unus
707 3031 798 3106 pons
816 3017 950 3105 rectus,
964 3011 1012 3085 ita
1027 3002 1064 3103 (⁸)
1084 3012 1120 3086 in
1143 3015 1203 3091 tali
1222 3015 1341 3114 figura

165 3135 235 3210 iste
260 3141 394 3230 puteus
409 3132 588 3208 rotundus
609 3131 712 3206 velut
728 3130 930 3205 lortilitinm
948 3130 1109 3206 cinctum
1128 3135 1208 3210 altis
1230 3138 1344 3212 turri-

166 3256 250 3349 bus,
264 3254 399 3327 scilicet
415 3251 635 3349 gigantibus,
648 3251 759 3325 habet
772 3250 868 3324 circa
886 3271 926 3323 se
942 3251 1071 3325 decem
1085 3255 1197 3329 valles
1210 3277 1344 3332 conca-

168 3395 235 3449 vas
252 3375 289 3447 in
307 3372 459 3446 modum
478 3372 672 3464 fossarum,
690 3377 728 3444 et
748 3369 876 3444 decem
895 3371 1097 3464 ponticulus
1113 3365 1149 3466 (⁹)
1168 3395 1234 3469 per
1251 3397 1345 3470 quos

170 3494 347 3568 transitur
363 3513 429 3588 per
447 3498 565 3569 totum
580 3483 634 3583 (ω)
664 3489 887 3587 Malebolgie.
914 3491 1020 3565 Nunc
1045 3493 1174 3567 ordina
1200 3496 1344 3572 literam

170 3615 242 3689 sic:
269 3616 389 3706 ptoelle,
406 3612 542 3686 scilicet
566 3611 826 3705 valliscrosae
854 3614 957 3705 quini,
975 3611 1012 3684 in
1029 3613 1098 3686 ista
1124 3616 1271 3708 planitie
1289 3618 1345 3691 in·

169 3734 311 3828 lernall,
338 3737 389 3807 tol
411 3734 564 3822 imagine
589 3735 674 3824 qual
694 3734 814 3824 figura
839 3734 876 3804 la
895 3739 1002 3822 paro
1026 3735 1115 3805 dove
1143 3756 1208 3807 son
1233 3739 1259 3808 o·
1282 3756 1346 3808 ca·

167 3857 259 3928 stalli
289 3856 410 3945 rende,
436 3852 528 3927 idest
557 3851 724 3945 ostendit,
752 3857 1001 3946 representat,
1031 3855 1120 3926 dove
1148 3849 1209 3946 pto
1238 3876 1257 3927 e
1284 3851 1347 3949 pid

166 3977 258 4070 sossi
281 3977 407 4065 oinpon
432 3975 536 4066 predi
559 3974 690 4046 casalli
707 3991 777 4064 per
800 3973 955 4062 guardia
981 3973 1024 4044 de
1041 3975 1072 4045 le
1088 3993 1206 4065 mura,
1223 3985 1266 4052 ut
1283 3995 1347 4051 oa-

169 4095 275 4170 stella
300 4094 371 4168 sint
395 4093 548 4169 tortiora
574 4113 646 4166 non
673 4092 792 4197 solum
817 4089 1021 4165 munimine
1047 4111 1255 4189 murorum,
1281 4096 1346 4171 sed

235 4302 263 4364 (¹)
280 4306 326 4354 llo
341 4316 357 4354 e
371 4303 403 4352 Ε.
419 4302 544 4353 cuculus.
856 4297 883 4359 (¹)
901 4301 956 4357 lltt,
972 4297 1099 4350 distinctu.

235 4379 264 4441 (¹1
280 4379 310 4430 Ε
326 4384 353 4430 et
369 4379 435 4430 ideo.
856 4374 883 4436 (⁸)
901 4378 946 4425 llo
963 4387 978 4424 a
994 4375 1025 4425 Ε.
1041 4375 1142 4426 habeat

237 4455 266 4517 (¹)
282 4456 313 4506 Ε.
330 4457 405 4518 capit.
856 4450 883 4512 θ)
899 4452 930 4501 Ε.
947 4457 1016 4502 sunt.

238 4531 266 4594 θ)
282 4531 313 4581 Ε.
330 4533 362 4582 slt
378 4545 445 4582 unus
461 4544 534 4595 pons.
857 4526 883 4590 (¹)
902 4528 928 4578 S.
944 4529 980 4580 ita
996 4528 1067 4593 quod
1083 4530 1110 4578 ln
1127 4528 1179 4580 ult.

239 4606 267 4669 (t)
282 4605 308 4656 S.
324 4607 486 4670 ponticellos
496 4634 525 4647 -
535 4608 566 4659 Ε.
582 4605 735 4672 particulos.
847 4602 885 4665 (¹⁰)
901 4603 932 4654 Ε.
949 4608 1032 4654 totum
1050 4604 1140 4656 locum
1156 4602 1329 4669 Malcbolgla.
