3450 5580
476 451 615 506 cunnus
641 453 799 508 nncrmus
825 454 952 508 nouus.
1257 443 1303 508 tr

126 597 364 691 sessionibus,
381 597 544 691 pecuniis
571 605 607 672 et
632 599 798 691 castellis,
826 619 937 692 super
963 619 1092 673 omnes
1119 620 1302 674 romanos,

126 716 172 788 Et
190 716 227 787 in
244 737 361 811 parvo
372 723 551 811 tempore,
565 738 640 812 quo
654 718 754 812 vixit,
769 718 853 792 lecit
872 723 1009 812 septem
1027 719 1228 794 cardinales
1242 740 1304 794 ro-

127 856 271 931 manos,
293 848 336 914 ut
360 837 563 932 plurimum
581 859 668 912 suos
685 839 899 913 attinentes:
919 839 1013 914 inter
1030 841 1120 914 alios
1138 841 1221 915 lecit
1239 842 1305 916 do-

126 956 273 1031 minum
299 957 477 1031 laconum
504 958 550 1032 de
576 959 755 1034 Columna
780 959 1095 1055 consanguineum
1115 982 1237 1055 suum,
1257 983 1304 1036 ne

125 1076 394 1151 Columnenses
406 1076 637 1152 adllaererenl
648 1078 976 1152 Hannibalensibus
994 1080 1147 1153 inimicis
1156 1073 1192 1172 (¹)
1208 1081 1302 1175 suis,

125 1201 165 1269 et
200 1195 269 1269 luit
293 1203 463 1290 reputata
490 1218 625 1293 magna
653 1218 722 1291 res,
754 1198 841 1290 quia
865 1199 1127 1273 Columnenses
1157 1201 1304 1274 luerant

124 1315 261 1410 privati
286 1315 386 1389 omni
412 1316 589 1390 beneficio
615 1316 858 1391 ecclesiastico
884 1338 950 1411 per
975 1317 1224 1393 Alexandrum
1245 1320 1303 1413 lll,

125 1435 217 1528 quia
251 1436 415 1514 laverant
446 1435 661 1511 Federicol
699 1444 827 1511 contra
861 1439 1076 1533 ecclesiam3
1112 1461 1198 1513 nam
1234 1441 1304 1514 Co-

126 1554 343 1629 lumnenses
368 1555 515 1629 lucrant
541 1556 627 1629 olim
659 1556 705 1630 de
734 1556 933 1631 alemania.
961 1557 1059 1632 Fecit
1085 1559 1194 1632 etiam
1224 1559 1304 1633 lieri

126 1674 265 1749 nobilia
295 1682 332 1750 et
358 1697 493 1772 magna
518 1676 650 1771 palatia
679 1677 788 1772 juxta
818 1684 988 1751 sanctum
1018 1678 1195 1771 Petrum;
1221 1679 1304 1753 lecit

125 1794 196 1868 sibi
217 1794 347 1867 donari
372 1795 557 1870 civitatem
575 1797 747 1870 Bononiae
766 1802 803 1870 et
820 1797 1035 1870 comitatum
1056 1797 1304 1871 Romandiolae

125 1938 149 1990 a
174 1915 370 2011 Rodulpho
397 1937 486 2012 rege
512 1938 765 2012 romanorum,
792 1918 879 2011 qula
910 1939 983 1992 non
1009 1918 1146 1992 lecerat
1172 1917 1304 1993 transi-

127 2042 211 2109 tum
239 2035 275 2107 in
301 2036 453 2130 ltaliam,
479 2037 573 2110 sicut
599 2037 830 2131 promiserat:
853 2059 937 2131 qnae
962 2037 1110 2111 donatio
1135 2058 1208 2111 non
1236 2037 1303 2110 luit

126 2162 299 2251 reputata
319 2157 432 2250 justa,
453 2157 540 2249 quia
562 2157 774 2251 Rodulphus
792 2157 985 2252 impeditus
1008 2158 1086 2230 aliis
1108 2159 1183 2231 suis
1200 2157 1303 2231 bellis

124 2284 164 2351 et
190 2276 305 2372 brigis
319 2269 368 2369 (²),
396 2298 469 2350 non
495 2283 668 2371 potuerat
701 2279 895 2370 pervenire
927 2279 973 2352 ad
1011 2278 1300 2353 benedictionem

125 2395 366 2490 imperialem.
395 2395 465 2469 Sed
490 2397 588 2489 quod
611 2397 733 2470 clerici
751 2398 909 2492 capiunt,
931 2420 1017 2471 raro
1037 2398 1243 2491 dimittunt;
1266 2404 1303 2472 et

124 2515 211 2591 lecit
236 2514 426 2588 dominum
453 2515 665 2590 Bertoldum
692 2524 862 2610 nepotem
889 2538 999 2589 suum
1026 2517 1198 2592 comitem
1228 2518 1303 2591 Ro-

123 2635 343 2730 mandiolae3
370 2642 407 2711 et
436 2636 657 2710 cardinalem
691 2637 874 2729 Latinum,
908 2636 1022 2709 filirrm
1055 2637 1191 2709 sororis
1223 2658 1301 2710 suae

125 2762 258 2829 natum
293 2775 338 2829 ex
370 2755 679 2829 Brancaleonibus
711 2755 883 2848 romanis,
915 2756 997 2829 lecit
1036 2756 1210 2850 legatum.
1247 2756 1299 2827 Ex

124 2875 230 2949 dictis
255 2896 345 2971 ergo
370 2882 480 2970 patet,
507 2876 536 2949 si
553 2865 589 2967 (³)
616 2897 708 2971 papa
734 2876 903 2949 Nicolaus
929 2875 974 2948 de
996 2874 1129 2948 Ursinis
1151 2874 1219 2947 luit
1236 2895 1304 2948 cu-

124 2995 233 3090 pidus
258 3017 325 3090 pro
350 2997 571 3071 exaltatione
589 3000 882 3071 suoruml-Dt
904 3003 1003 3068 sotto.
1029 2995 1092 3068 llic
1110 2995 1303 3090 praedictus

125 3115 299 3189 Nioolaus
317 3115 484 3208 ostendit,
503 3115 601 3208 quod
626 3116 687 3189 alii
713 3115 899 3190 simoniaci
918 3122 1186 3210 praecesserunt
1203 3136 1302 3210 eum,

124 3241 165 3309 et
191 3234 252 3308 alii
277 3243 491 3328 sequentur,
517 3242 553 3309 et
580 3234 679 3328 quod
704 3235 740 3307 in
766 3234 927 3310 adventu
944 3235 1116 3309 Bonilacii
1135 3235 1211 3328 ipse
1229 3255 1302 3308 non

125 3355 287 3450 amplius
312 3356 510 3451 apparabat
524 3344 561 3446 l‘)
588 3362 694 3429 extra
728 3376 813 3430 cum
847 3356 1028 3429 cruribus.
1062 3355 1164 3429 Unde
1194 3355 1302 3428 dicit:

127 3479 181 3566 pli
210 3478 305 3567 altri,
331 3475 466 3549 scilicet
498 3475 695 3569 pontifices,
729 3481 765 3549 et
791 3475 976 3550 neminem
1014 3473 1303 3567 dominatuum

126 3596 250 3669 nullus
276 3594 396 3669 luerat
411 3601 497 3668 ante
514 3614 601 3668 eum
623 3595 672 3669 ita
691 3595 834 3689 publice
856 3595 1052 3668 infamatus
1071 3596 1116 3668 de
1135 3595 1301 3686 simonia,

123 3717 188 3789 cte
213 3717 426 3808 precededer
459 3735 513 3787 me
544 3717 821 3807 simontzzando,
852 3713 944 3788 idest
974 3714 1152 3789 venaliter
1182 3711 1302 3786 dando

126 3854 246 3927 sacra,
271 3855 336 3906 son
362 3837 458 3907 tratti
480 3836 519 3907 di
546 3841 634 3907 sotto
664 3837 704 3907 ul
733 3837 803 3906 mlo
833 3855 936 3925 capo,
972 3833 1057 3926 quia
1092 3832 1249 3924 amplius
1265 3821 1301 3921 (⁵)

127 3975 203 4029 non
228 3964 284 4030 est
307 3953 412 4046 quasi
438 3953 586 4028 infamia
611 3953 658 4028 de
683 3954 735 4028 eis
759 3961 954 4048 postquam
986 3973 1054 4047 ego
1085 3950 1302 4045 superveni3

127 4076 211 4150 ideo
236 4074 339 4148 dicit:
364 4077 465 4167 piuttr'
486 4095 552 4167 per
569 4077 606 4147 lo
619 4079 760 4169 sessuro
777 4078 820 4148 de
837 4079 873 4147 lo
886 4078 1016 4167 pietro,
1036 4073 1126 4145 idest
1147 4071 1304 4145 abscon-

127 4195 194 4270 diti
217 4195 311 4268 inlra
338 4200 475 4269 terram
502 4195 583 4289 plns
608 4216 720 4288 quam
747 4195 857 4269 luerit
881 4192 1115 4268 absconditus
1136 4191 1303 4266 Coelesti-

193 4419 222 4483 l'l
239 4424 294 4482 ¹¹⁶,
310 4421 401 4472 vrum
416 4423 476 4473 sun
852 4423 879 4485 ς’)
896 4423 926 4472 n.
944 4421 1049 4484 brighln

193 4498 219 4560 (Ἴ
236 4498 267 4547 Ε·
284 4498 353 4562 (111011
371 4513 442 4562 111111·
854 4499 881 4563 (¹)
897 4499 937 4558 E..
953 4497 979 4548 S.
997 4510 1012 4547 e
1030 4501 1083 4556 llt,
1100 4493 1240 4559 apparebit.

193 4574 221 4638 (⁸)
239 4577 293 4635 llo,
311 4576 420 4638 amplius
436 4578 508 4641 qnasi
523 4590 575 4628 non
593 4581 632 4626 ost
648 4578 706 4640 plus
722 4575 834 4626 inlamla.
