3450 5580
605 482 741 537 caurus
768 481 924 537 nummos
949 479 1120 535 oerrvus.
1424 469 1445 534 5

272 649 421 724 poenam
447 627 576 725 primae
602 627 739 701 fraudis
755 619 791 719 (¹)
821 626 857 701 in
888 626 1095 701 communi:
1122 626 1169 701 ad
1194 626 1300 701 cuius
1325 625 1448 700 decla-

272 750 453 824 rationem
481 749 564 823 volo
590 754 626 822 te
652 753 781 821 notare
795 738 846 841 (²),
861 747 960 842 quod
977 747 1045 820 ista
1061 747 1179 843 prima
1197 747 1322 843 hulgia
1340 767 1450 844 supe-

273 871 350 944 rior
385 876 441 944 est
470 869 587 943 maior
618 869 771 962 caeteris,
802 874 838 941 et
869 867 985 963 magis
1020 874 1163 942 remota
1193 889 1216 942 a
1246 874 1384 962 centro,
1412 873 1450 942 et

272 989 434 1065 continet
467 988 646 1062 maiorem
679 986 962 1081 multitudinem,
988 986 1053 1062 sed
1077 987 1187 1061 habet
1217 987 1392 1061 leviorem
1408 976 1447 1078 (³)

272 1130 433 1204 poenam.
452 1108 555 1183 Unde
572 1114 681 1182 autor
703 1114 826 1182 servat
846 1107 1027 1203 optimum
1045 1107 1228 1201 ordinem3
1247 1107 1333 1202 quia
1354 1107 1448 1181 sicut

271 1251 385 1324 supra
403 1229 529 1304 volens
545 1227 753 1302 describere
772 1247 899 1323 poenas
917 1227 1219 1305 incontinentium
1245 1227 1392 1322 incoepit
1409 1213 1444 1318 (⁴)

272 1371 295 1423 a
320 1349 482 1442 luxuria,
503 1367 586 1442 quae
611 1347 722 1421 habet
748 1347 869 1420 minus
894 1348 1012 1442 culpae
1036 1354 1074 1422 et
1098 1347 1179 1443 plus
1205 1347 1378 1441 inlamiae3
1397 1347 1447 1421 ita

274 1469 332 1543 hic
366 1469 492 1542 volens
523 1466 732 1540 describere
765 1487 893 1561 poenas
918 1466 1250 1562 fraudulentorum,
1277 1467 1448 1563 incipite

274 1587 406 1662 iraude
431 1607 515 1681 quae
541 1585 580 1658 lit
606 1586 703 1660 circa
729 1585 928 1680 luxuriam,
946 1606 1029 1680 quae
1055 1586 1219 1661 similiter
1241 1588 1351 1661 habet
1378 1587 1448 1661 mi-

274 1731 344 1783 nus
377 1709 494 1803 culpae
525 1713 562 1781 et
590 1707 673 1802 plus
708 1705 876 1780 iniamiae.
908 1707 1065 1782 Ulterius
1095 1706 1142 1781 ad
1174 1706 1448 1803 intelligendum

274 1830 375 1904 clare
399 1829 556 1902 sormam
579 1826 682 1900 istius
699 1847 818 1921 poenae
839 1826 950 1902 debes
967 1834 1109 1920 notare,
1127 1826 1226 1920 quod
1242 1827 1375 1922 duplex
1395 1832 1450 1900 est

274 1948 412 2044 species
437 1946 694 2042 decipientium
722 1947 896 2022 mulieres
921 1947 986 2041 qui
1011 1947 1069 2022 hic
1094 1948 1313 2043 puniuntur:
1336 1947 1449 2041 aliqui

275 2069 374 2144 enim
401 2074 486 2141 sunt
512 2067 575 2162 qui
600 2066 828 2142 seduxerunt
854 2067 1029 2143 mulieres
1054 2089 1121 2163 pro
1151 2069 1229 2143 aliis
1255 2090 1318 2164 spe
1343 2049 1448 2162 lucri,

275 2190 335 2262 vel
360 2187 511 2262 alterius
536 2186 731 2280 commodi,
750 2194 787 2260 et
812 2186 870 2261 isti
895 2193 980 2260 sunt
1005 2187 1150 2261 viliores
1163 2179 1214 2281 (⁵),
1241 2195 1278 2261 et
1303 2187 1450 2283 proprie

274 2309 504 2404 appellantur
530 2308 700 2381 lenones:
726 2306 786 2380 alii
812 2313 897 2381 sunt
923 2306 986 2401 qui
1016 2306 1242 2382 seduxerunt
1275 2308 1450 2382 mulieres

275 2449 342 2523 pro
368 2448 409 2501 se
437 2433 593 2521 tanturn,
624 2427 877 2522 promittentes
909 2426 975 2500 sibi
1005 2426 1231 2522 coniugium,
1264 2434 1300 2501 et
1325 2435 1450 2523 postea

275 2548 439 2622 fallentes
464 2546 573 2621 fldem
600 2546 740 2639 datam3
758 2547 867 2641 prena
885 2565 975 2641 ergo
993 2545 1148 2618 istorum
1170 2551 1225 2619 est
1242 2546 1333 2640 talis,
1352 2546 1452 2640 quod

276 2673 433 2742 currunt
459 2666 633 2740 velociter
658 2686 725 2760 per
751 2667 883 2740 vallem
906 2664 1086 2739 frontibus
1106 2665 1269 2740 adversis
1293 2687 1360 2762 per
1385 2687 1452 2762 op

277 2789 449 2883 positum,
476 2787 526 2862 ita
552 2785 652 2880 quod
677 2807 752 2860 una
774 2806 864 2881 gens
885 2785 1001 2858 currit
1017 2806 1040 2859 a
1058 2784 1179 2860 medio
1196 2785 1331 2882 bulgiae
1348 2786 1451 2880 citra,

175 2952 177 2957 ·
277 2907 348 2981 alia
374 2928 396 2981 a
422 2905 544 2981 medio
571 2904 683 2978 ultra:
711 2903 829 2998 prima
862 2910 916 2978 est
946 2904 1006 2978 illa
1031 2926 1122 3000 gens
1147 2926 1232 2999 quae
1258 2905 1399 3001 decepit
1415 2895 1451 2998 (θ)
1486 2942 1488 2946 v

277 3026 443 3099 dominas
468 3025 504 3098 in
531 3024 689 3120 gratiam
715 3024 891 3116 aliorum;
910 3024 1070 3098 secunda
1097 3031 1152 3099 est
1176 3045 1267 3121 gens
1283 3047 1367 3120 quae
1388 3026 1454 3100 de-

277 3145 373 3240 cepit
388 3133 423 3235 d)
459 3143 625 3217 dominas
657 3143 927 3218 adulationibus
957 3149 993 3217 et
1027 3143 1214 3237 promissis
1238 3167 1306 3240 pro
1340 3166 1392 3239 se,
1418 3152 1456 3220 et

278 3273 404 3359 postea
429 3263 604 3338 fallaciter
630 3273 668 3340 et
693 3263 835 3360 ingrate
852 3263 1069 3337 dimiserunt
1087 3285 1160 3358 eas,
1180 3265 1303 3340 habito
1320 3287 1455 3340 eorum

279 3382 438 3477 intent03
456 3390 494 3456 et
518 3389 598 3477 post
618 3404 681 3458 eos
701 3382 840 3458 vadunt
857 3383 1042 3456 daemones
1059 3393 1251 3459 currentes
1271 3406 1358 3459 cum
1378 3385 1456 3460 vir·

280 3502 336 3598 gis
359 3502 487 3576 lerreis
511 3502 684 3576 cadendo
710 3522 773 3575 eos
799 3502 1005 3576 crudeliter.
1026 3501 1079 3576 Ad
1100 3503 1243 3577 literam
1262 3525 1352 3601 crgo
1369 3505 1456 3581 dicit

281 3629 412 3695 autor:
448 3624 520 3694 vidi
548 3643 571 3694 a
597 3626 632 3695 la
661 3643 745 3695 man
779 3625 908 3695 dextra
937 3642 1031 3694 treva
1055 3619 1163 3714 peta,
1195 3623 1286 3697 idest
1320 3645 1455 3700 novam

280 3762 438 3836 paenam,
473 3742 560 3835 quia
593 3750 702 3816 autor
734 3742 780 3816 de
814 3763 909 3840 noro
935 3740 1038 3837 lingit
1070 3762 1164 3834 eam,
1196 3763 1310 3835 quam
1345 3765 1456 3816 num-

280 3881 393 3955 quam
408 3850 445 3951 (⁸)
472 3861 566 3935 alius
595 3861 763 3956 finxerat,
790 3868 827 3935 et
857 3860 968 3935 etiam
1000 3860 1086 3954 quia
1117 3871 1198 3937 erat
1228 3882 1335 3956 nova,
1367 3863 1458 3938 idest

280 3980 426 4055 diversa
457 3981 504 4055 ab
535 3981 625 4075 aliis,
658 4003 676 4054 e
704 3984 788 4055 nord
812 3982 1011 4074 scrutatori,
1043 3980 1135 4055 idest
1163 3987 1458 4078 tormentatores,

281 4098 482 4194 punitores,
513 4099 649 4173 scilicet
680 4099 866 4173 daemones
895 4100 1109 4196 instigantes
1140 4120 1204 4175 eos
1237 4099 1390 4197 duriter,
1422 4105 1461 4175 di

345 4362 374 4424 (¹)
390 4363 421 4412 Ε.
438 4363 544 4425 fraudis,
561 4365 658 4416 scilicet
674 4369 700 4417 in
717 4367 859 4418 communi.
911 4368 938 4430 (¹)
954 4367 980 4417 S.
997 4367 1071 4418 scire.

345 4436 373 4499 (⁸)
393 4438 420 4488 S.
436 4440 573 4490 minorem.
910 4443 938 4504 (⁸)
956 4447 1009 4503 116,
1027 4444 1124 4508 incipit.

346 4515 374 4575 (⁸)
391 4515 422 4565 Ε.
438 4517 550 4568 viliores.
568 4517 622 4569 Alii
638 4523 706 4570 sunl.
909 4518 936 4582 (⁸)
955 4524 1009 4579 llo,
1026 4520 1120 4584 decipit
1135 4521 1260 4571 mulieres
1276 4519 1302 4569 ln
1318 4521 1437 4584 gratiam.

347 4589 374 4653 (Ἴ)
391 4596 445 4653 llo,
462 4593 565 4657 decipit.
910 4595 937 4658 (¹)
953 4596 984 4646 E.
1001 4611 1134 4663 nunquam
1151 4598 1268 4648 tinxerat.
