3450 5580
599 483 738 537 caurus
764 483 921 538 cccmus
946 482 1116 538 ocrxvus.
1402 473 1447 540 23

269 626 446 723 generali,
464 632 501 700 et
526 624 572 699 de
585 618 622 715 (¹)
650 625 784 720 punitis
810 627 889 700 eius
915 627 952 700 in
977 603 1133 721 speciali.
1155 629 1199 700 Et
1215 628 1336 723 primo
1361 649 1450 704 con-

269 745 418 819 tinuans
443 745 538 819 dicta
564 744 734 839 dicendis
761 745 864 819 dicit:
893 736 960 819 th
984 768 1132 818 mavum
1150 737 1185 818 ld
1206 770 1270 821 ove
1288 752 1316 822 u
1329 755 1450 821 stretto

271 868 372 956 colle,
398 864 490 938 idest
514 884 605 958 pons
630 885 697 959 per
720 885 833 958 quem
854 864 965 960 ibant,
982 868 1266 957 s'imroctccltlo,
1284 866 1376 941 idest
1393 867 1450 940 in-

269 993 506 1082 corporatur,
537 985 775 1080 incastratur,
808 986 1066 1081 committitur,
1098 987 1352 1083 conjungitur,
1385 1008 1452 1059 con
1560 1006 1567 1029 ⁴

270 1111 430 1198 turpino
453 1108 616 1197 secondo,
643 1105 734 1179 idest
760 1126 847 1179 cum
873 1107 1034 1180 secunda
1059 1106 1137 1201 ripa
1164 1091 1346 1201 circulari,
1366 1126 1450 1200 quae

269 1226 396 1302 dividit
422 1226 580 1320 primam
606 1226 771 1322 bulgiam
797 1247 820 1300 a
846 1226 1017 1320 secunda,
1039 1231 1118 1319 esa
1142 1230 1181 1299 di
1204 1230 1293 1320 quel,
1314 1227 1450 1301 scilicet
1531 1212 1536 1221 ⁴

270 1368 423 1444 aggere,
449 1352 559 1440 spallo
584 1350 634 1420 od
657 1368 705 1419 un
730 1350 824 1420 altro
854 1368 954 1439 arco,
984 1347 1070 1440 quia
1100 1347 1237 1421 scilicet
1266 1348 1451 1422 secundus

270 1490 362 1564 pons
388 1467 564 1541 tundatur
589 1467 626 1539 in
651 1467 720 1540 ista
745 1466 824 1562 ripa
850 1467 1031 1560 secunda;
1058 1474 1095 1542 et
1122 1469 1200 1541 vult
1225 1467 1348 1543 dicere
1375 1490 1451 1542 uno

271 1589 399 1682 verbo,
418 1587 518 1681 quod
530 1589 608 1683 jam
636 1595 881 1681 pervenerant
897 1587 944 1662 ad
961 1587 1073 1662 finem
1093 1589 1200 1683 primi
1219 1589 1349 1684 pontis,
1372 1589 1450 1664 visa

269 1709 378 1804 plene
403 1708 522 1803 prima
548 1709 683 1804 bulgio,
702 1715 739 1782 et
764 1708 811 1781 ad
836 1708 1055 1803 principium
1080 1709 1231 1783 secundi
1257 1711 1385 1804 pontis.
1407 1712 1451 1784 Et

269 1830 330 1904 hic
355 1835 443 1903 nota
468 1830 568 1923 quod
598 1835 709 1902 autor
740 1828 799 1902 hic
831 1835 955 1903 servat
987 1849 1104 1902 unum
1138 1830 1305 1923 modum,
1337 1851 1450 1924 quem

270 1970 346 2022 non
371 1956 494 2022 servat
519 1948 556 2021 in
583 1955 658 2024 tota
690 1947 837 2021 civitate
870 1948 1048 2041 infernali,
1075 1949 1162 2042 quia
1193 1949 1278 2022 alibi
1304 1969 1452 2043 semper

270 2068 357 2143 lacit
385 2090 501 2142 unum
528 2070 586 2142 vel
612 2068 719 2163 plura
744 2068 901 2161 capitula
932 2067 978 2141 de
1008 2088 1084 2141 un0
1110 2068 1234 2161 aliquo
1261 2069 1366 2162 vitio;
1392 2069 1451 2143 hic

272 2209 365 2263 xero
391 2194 589 2283 pertractat
606 2189 698 2262 duas
716 2188 854 2282 species
871 2187 1009 2260 fraudis
1026 2187 1063 2260 in
1080 2187 1209 2261 eodem
1222 2179 1259 2280 (²)
1278 2188 1450 2284 capitulo,

272 2309 361 2404 quia
388 2309 464 2382 istae
481 2307 565 2381 duae
583 2308 730 2383 fraudes
749 2308 885 2381 habent
902 2307 1104 2382 maximam
1122 2307 1336 2382 affinitatem
1356 2309 1450 2383 inter

273 2450 326 2522 se,
352 2428 487 2503 scilicet
512 2429 732 2503 lenocinium
766 2435 803 2502 et
834 2428 1007 2522 adulatio,
1033 2428 1109 2501 imo
1142 2429 1262 2502 omnis
1288 2429 1370 2503 leno
1397 2436 1454 2503 est

272 2549 457 2640 adulator,
483 2549 665 2625 licetnon
691 2568 928 2642 econverso,
955 2555 992 2622 et
1024 2554 1183 2642 uterque
1215 2569 1361 2643 semper
1393 2549 1450 2621 in-

273 2669 390 2745 tendit
422 2669 601 2763 decipere.
620 2709 670 2722 -
697 2671 833 2757 (tutudi.
864 2668 929 2741 Hic
959 2675 1069 2741 autor
1100 2668 1269 2742 describit
1302 2689 1451 2762 poenam

273 2789 510 2866 adulatorum
537 2788 574 2861 in
597 2789 772 2884 generali.
799 2787 851 2860 td
878 2787 984 2860 cuius
1010 2786 1285 2882 intelligentiam
1306 2793 1362 2861 est
1384 2807 1453 2860 no

274 2908 427 2982 tandum
456 2909 554 3002 quod
579 2916 688 2983 autor
714 2909 776 2982 dat
802 2907 1054 2984 adulatoribus
1084 2928 1233 3001 poenam
1265 2907 1455 3002 vitupero-

273 3052 355 3105 sam
383 3029 491 3103 nimis
516 3030 721 3104 secundum
748 3028 971 3123 exigentiam
998 3027 1163 3101 materiae
1189 3028 1306 3101 loedae.
1335 3027 1454 3124 Fingit

274 3151 375 3226 enim
401 3148 500 3242 quod
527 3149 582 3221 isti
608 3154 704 3222 stant
721 3147 902 3222 submersi
921 3148 957 3220 in
976 3169 1050 3221 xrna
1068 3149 1163 3220 valle
1180 3148 1352 3222 stercoris
1369 3147 1454 3220 bul-

274 3272 406 3365 lientis,
433 3292 479 3345 ex
505 3291 580 3364 qua
613 3274 761 3343 emanat
792 3267 977 3342 maximus
1002 3268 1111 3341 loetor
1137 3274 1173 3341 et
1199 3267 1453 3360 intolerabilis;

276 3413 364 3466 nam
391 3391 497 3463 multi
523 3390 690 3464 doctores
722 3389 903 3483 appellant
932 3389 1180 3462 adulationem
1215 3390 1351 3462 oleum.
1377 3389 1455 3461 Au·

277 3520 338 3586 tor
361 3532 463 3605 vero,
482 3510 545 3604 qui
564 3511 631 3583 luit
649 3509 799 3606 rigidus,
818 3517 860 3582 ut
883 3511 971 3583 Cato
998 3517 1142 3583 amator
1160 3510 1369 3602 honestatis,
1388 3509 1456 3582 ha·

276 3631 358 3705 buit
383 3631 470 3705 istos
499 3629 545 3704 ad
580 3650 769 3703 summum
805 3628 1008 3721 fastidium,
1034 3628 1116 3703 ideo
1150 3628 1245 3703 bene
1271 3626 1453 3702 convertit

275 3752 404 3825 oleum
436 3750 472 3823 in
504 3756 661 3842 stercus3
688 3770 773 3822 nam
801 3748 923 3820 nullus
955 3746 1093 3821 iodiens
1118 3748 1155 3820 in
1188 3754 1364 3839 stercore,
1389 3751 1456 3818 aut

276 3892 441 3968 purgans
460 3871 608 3945 latrinas
625 3877 680 3943 est
700 3870 749 3942 ita
766 3867 1000 3943 fastidiendus
1026 3877 1064 3942 et
1089 3866 1235 3940 loetidus
1253 3865 1346 3938 sicut
1362 3865 1456 3938 adu-

276 3991 393 4085 lator3
424 3991 522 4065 unde
557 3991 624 4064 ista
650 3990 752 4063 vallis
777 3995 833 4062 est
864 3987 1025 4062 maxime
1059 3987 1166 4082 plena
1202 3985 1456 4060 meretricibus

276 4118 316 4186 et
336 4111 615 4206 joculatoribus,
638 4110 700 4204 qui
726 4109 888 4183 maxime
914 4108 1061 4182 student
1086 4106 1285 4181 adulationi
1311 4107 1357 4181 de
1383 4128 1457 4200 qua

278 4232 419 4306 vivunt.
456 4232 526 4306 Sed
556 4240 665 4306 autor
694 4230 874 4326 condigne
907 4229 1012 4305 solvit
1047 4229 1111 4321 eis,
1146 4228 1287 4301 dicens:
1323 4232 1458 4321 putridi,

278 4353 372 4427 idest
391 4353 438 4427 de
468 4353 617 4427 introitu
644 4353 721 4426 sive
746 4350 921 4446 principio
946 4349 1096 4424 secundi
1122 4349 1251 4444 pontis,
1277 4354 1458 4423 sentimmo

343 4616 372 4680 (¹)
388 4617 419 4667 It.
435 4622 462 4668 et
478 4617 511 4667 de
526 4619 608 4682 poenis
623 4619 687 4670 eius.
