3450 5580
276 462 324 527 22
673 470 877 525 coumuuu
902 470 1053 523 nuruum

277 617 508 692 reconciliata
533 616 599 690 sibi
624 637 744 691 uxore
768 616 905 709 Medea,
933 615 1063 689 redivit
1087 615 1124 687 in
1149 615 1319 709 colchos3
1345 615 1395 688 ibi
1411 608 1450 707 (¹)

276 759 410 835 magna
436 738 572 811 virtute
597 744 634 811 ct
656 737 826 812 felicitate
842 757 910 810 sua
929 735 1121 828 acquisivit
1138 756 1298 831 regnum
1319 737 1452 830 soceri,

275 858 339 950 qui
364 865 445 932 erat
470 859 656 952 expulsus,
682 864 719 931 et
744 857 821 951 ipse
850 857 936 930 exul
967 855 1117 930 exulem
1147 856 1295 929 reduxit
1321 856 1357 929 in
1383 878 1452 952 pa-

274 979 382 1052 triam
402 979 439 1052 in
457 978 833 1073 recompensationem
851 976 1072 1072 injuriarum
1094 976 1354 1070 antiquarum;
1372 977 1450 1050 imo

274 1099 460 1193 ampliavit
485 1119 643 1194 regnum
667 1098 881 1172 colchorum
900 1097 1023 1170 multis
1044 1097 1196 1170 urbibus
1212 1098 1336 1192 captis,
1353 1098 1452 1172 sicut

275 1220 437 1293 lustinus
462 1218 603 1311 scribiq
629 1218 694 1292 sed
717 1218 834 1294 victor
859 1239 881 1292 a
907 1217 1168 1313 septemtrione
1194 1219 1346 1312 parabat
1370 1220 1451 1293 bel·

274 1341 352 1413 lum
377 1340 425 1412 ab
449 1339 591 1413 oriente
617 1345 745 1413 contra
770 1358 906 1433 persas,
933 1338 996 1412 sed
1020 1338 1209 1412 infeliciter
1235 1338 1451 1413 interiectus

274 1466 330 1535 est
343 1481 365 1533 a
378 1460 463 1533 suis.
478 1458 579 1534 Sicut
591 1458 689 1533 enim
704 1459 828 1533 scribit
841 1459 1008 1533 Valerius
1025 1459 1165 1552 accidit,
1180 1458 1279 1552 quod
1297 1459 1449 1552 quidam

270 1581 427 1675 juvenes
456 1580 652 1654 familiares
677 1579 735 1654 sui
761 1580 883 1654 nescio
912 1601 987 1673 qua
1012 1580 1058 1653 de
1083 1600 1196 1654 causa
1222 1580 1448 1654 verberare·

274 1706 361 1773 runt
387 1700 605 1795 magistrum
631 1701 731 1792 salae,
749 1700 813 1773 ubi
830 1699 964 1773 liebant
982 1698 1076 1791 ludi;
1095 1698 1154 1772 ille
1171 1705 1396 1792 conquestus
1409 1690 1447 1791 (¹)

274 1826 329 1894 est
354 1818 492 1892 Jasoni:
519 1820 628 1893 lason
660 1818 697 1891 in
731 1817 1012 1891 satisfactionem
1039 1817 1183 1910 injuriae
1216 1817 1314 1891 dedit
1345 1818 1393 1890 illi
1408 1807 1446 1908 (³)

273 1940 500 2031 electionem,
516 1938 613 2033 quod
629 1926 665 2029 (⁴)
686 1939 743 2012 vel
761 1938 943 2031 acciperet
960 1937 1012 2011 eis
1034 1938 1181 2033 triginta
1197 1937 1368 2012 denarios
1385 1938 1445 2011 vel

272 2059 377 2134 daret
401 2059 552 2153 singulis
568 2059 696 2132 decem
715 2058 882 2131 verbera.
902 2058 964 2131 llle
980 2057 1120 2131 avidior
1139 2057 1306 2131 vindictae
1331 2078 1446 2150 quam

274 2178 438 2272 pecuniae
463 2177 573 2272 elegit
600 2176 790 2249 ultimum:
803 2177 961 2271 iuvenes
978 2198 1046 2270 pro
1063 2177 1284 2251 verecundia
1303 2177 1447 2271 accensi

273 2297 519 2393 indignatione
545 2303 582 2370 et
607 2296 661 2371 ira
693 2298 863 2370 tasonem
894 2296 1141 2390 improvidum
1173 2296 1446 2371 interfecerunt.

273 2419 331 2492 Sic
357 2439 448 2514 ergo
473 2425 572 2512 patet
598 2417 697 2511 quod
723 2419 830 2491 lason
855 2417 919 2510 qui
935 2417 1073 2491 lecerat
1089 2417 1179 2491 alios
1196 2417 1285 2491 caedi
1304 2416 1445 2512 palmis,

273 2540 349 2635 ipse
374 2539 486 2634 virgis
512 2538 639 2612 terreis
665 2538 858 2612 baculatus
883 2544 948 2611 est.
963 2577 1013 2590 —
1029 2542 1101 2609 Coo
1131 2540 1187 2609 lui.
1220 2537 1284 2609 llic
1316 2537 1447 2610 ultimo

271 2668 382 2734 autor
408 2659 581 2734 terminat
612 2659 718 2734 istam
745 2658 940 2733 materiam
967 2665 1004 2733 et
1030 2678 1191 2752 poenam,
1225 2658 1449 2732 concludens

271 2781 345 2855 sic:
372 2782 438 2871 cli,
465 2780 556 2854 idest
581 2778 819 2873 quicumque,
850 2782 1023 2868 inyouua,
1054 2777 1191 2851 scilicet
1224 2777 1398 2852 mulieres
1424 2799 1447 2852 a

271 2901 406 2995 quibus
431 2900 569 2994 recepit
599 2897 776 2973 beneficia
806 2917 952 2992 magna,
978 2896 1072 2970 sicut
1098 2898 1207 2970 Jason
1233 2897 1280 2970 ab
1306 2898 1449 2992 lsiphile

271 3027 309 3094 et
333 3019 470 3112 Medea,
488 3021 537 3091 do
562 3021 614 3091 tol
627 3025 746 3110 parta,
764 3017 854 3090 idest
881 3017 941 3090 tali
968 3017 1089 3109 modo,
1107 3016 1242 3091 scilicet
1258 3038 1344 3090 cum
1363 3017 1449 3092 licto

271 3147 308 3215 et
334 3140 450 3213 laliaci
475 3158 616 3232 amore,
641 3159 703 3210 seo
728 3159 774 3210 oo
799 3159 864 3210 oon
890 3141 950 3228 toi,
973 3138 1079 3231 quasi
1104 3138 1219 3211 dicat:
1251 3138 1368 3212 currit
1390 3138 1449 3211 lu·

270 3260 403 3357 giendo
428 3259 497 3332 sub
523 3259 653 3333 eadem
679 3279 799 3353 poena,
826 3258 875 3332 ita
907 3257 1005 3351 quod
1038 3258 1125 3332 socii
1160 3259 1197 3332 in
1229 3261 1336 3353 culpa
1361 3267 1449 3334 sunt

270 3381 357 3456 socii
385 3381 421 3453 in
447 3401 565 3475 poena.
585 3381 628 3452 Et
654 3379 755 3452 dicit:
774 3401 793 3451 e
812 3386 929 3471 questo
954 3379 1044 3452 busti
1066 3401 1173 3472 saper
1199 3383 1242 3453 de
1269 3385 1304 3453 lo
1326 3383 1448 3471 primo

271 3503 374 3591 oolla,
400 3499 491 3574 idest
516 3499 689 3595 bulgiae
712 3501 751 3571 di
774 3501 872 3571 color
897 3500 956 3571 cde
980 3501 1017 3571 in
1042 3521 1079 3571 se
1104 3521 1275 3589 assumto,
1293 3499 1384 3572 idest
1401 3498 1449 3573 de

270 3620 404 3716 punitis
430 3619 467 3692 in
493 3639 555 3712 ea3
582 3618 687 3712 quasi
712 3618 807 3692 dicat
824 3625 952 3692 autor:
971 3639 1089 3712 pauca
1110 3619 1244 3694 sufficit
1261 3618 1384 3692 dicere
1401 3618 1449 3691 de

270 3743 332 3818 tali
358 3741 525 3833 materia,
551 3747 588 3814 et
619 3759 708 3813 vere
741 3745 850 3812 autor
880 3739 970 3812 dixit
1004 3761 1134 3834 pauca,
1160 3738 1223 3813 sed
1256 3739 1385 3833 pulcre
1410 3743 1448 3811 et

270 3863 450 3937 subtiliter
475 3859 679 3934 secundum
706 3858 908 3932 subiectam
936 3859 1140 3934 materiam.

347 3974 413 4056 th
439 4002 595 4055 nouom.
622 3981 692 4052 Ista
717 3985 773 4053 est
798 3985 931 4072 quarta
949 3985 985 4053 et
1003 3980 1132 4052 ultima
1154 3999 1239 4072 pars
1265 3978 1448 4074 generalis

270 4101 379 4175 huius
405 4099 564 4194 capituli,
590 4098 627 4171 in
653 4118 727 4191 qua
751 4105 861 4171 autor
893 4097 968 4192 agit
993 4104 1030 4171 et
1055 4103 1189 4171 tractat
1214 4098 1260 4172 de
1286 4097 1447 4172 secunda

270 4221 390 4316 specie
415 4218 665 4312 fraudisque
691 4229 846 4294 vocatur
871 4216 1044 4311 adulatio,
1064 4237 1147 4311 quae
1164 4217 1316 4311 punitur
1333 4217 1370 4290 in
1388 4237 1449 4291 se-

269 4340 390 4416 cunda
415 4338 559 4434 bulgia3
587 4339 633 4412 de
658 4338 765 4412 cuius
793 4358 902 4432 poena
927 4336 1089 4410 breviter
1114 4344 1225 4410 autor
1252 4343 1384 4412 tractat
1410 4336 1447 4409 in

331 4528 358 4588 (⁸)
373 4526 403 4578 F·-
421 4525 474 4577 ubl·
662 4526 690 4586 (¹)
707 4525 733 4576 S.
749 4530 856 4590 questus
872 4528 912 4574 ost
928 4523 1025 4575 damni.
1222 4521 1252 4585 (¹)
1268 4521 1299 4572 li.
1315 4523 1348 4573 ei.

329 4602 359 4665 (⁸)
377 4608 430 4664 llo,
447 4604 517 4669 quod
534 4603 611 4655 vellet
627 4603 745 4666 accipere
762 4601 867 4666 triginta
883 4600 1009 4662 denarios,
1026 4602 1068 4653 rel
1084 4601 1146 4652 dara
1162 4598 1279 4663 ungulis.
