3450 5580
319 469 322 476 .
392 414 415 480 8
794 425 997 479 comarum
1022 426 1174 478 rursum

391 571 632 667 imperatoris
663 572 756 645 Nam
783 571 832 644 illl
858 571 1037 667 principes
1069 571 1208 665 antiqui
1240 570 1435 666 aliquando
1460 592 1567 668 sepe·
1707 600 1712 607 ·

391 691 575 766 liehantur
599 690 635 762 in
662 691 747 785 alto,
774 690 867 764 sicut
892 697 992 786 patet
1016 691 1052 763 in
1083 691 1256 765 columna
1288 691 1413 786 lapidis
1438 691 1567 765 Numi-

391 811 473 903 dici,
499 811 536 884 in
565 831 639 904 qua
669 821 755 887 sunt
783 811 925 885 eineres
956 809 1040 884 Julii
1072 810 1243 904 Caesaris3
1278 810 1475 905 aliquando
1508 831 1568 887 se-

259 1021 264 1038 .
391 931 622 1026 peliebantur
651 931 689 1004 in
718 932 837 1025 basso,
863 930 956 1005 sieut
985 929 1184 1026 Augustus,
1211 931 1275 1025 qui
1307 937 1362 1005 est
1394 932 1463 1006 sub
1492 933 1567 1007 alta

393 1052 497 1125 turri.
524 1053 576 1125 lta
607 1051 655 1125 ad
686 1050 932 1147 propositum:
960 1050 1028 1125 ista
1061 1053 1134 1125 alta
1168 1059 1205 1127 et
1235 1051 1411 1131 mirabilis
1443 1053 1567 1147 sepul-

392 1179 477 1247 tura
495 1172 588 1247 lacta
605 1171 672 1245 luit
693 1191 805 1266 super
830 1191 941 1244 muro
967 1170 1121 1245 civitatis
1137 1171 1297 1245 Adriano
1315 1171 1564 1246 valentissime

392 1291 623 1388 imperatori;
650 1298 687 1365 et
712 1291 809 1364 istud
835 1289 1002 1364 mirabile
1027 1311 1120 1384 opus
1153 1290 1215 1363 diu
1242 1297 1414 1365 vocatum
1434 1298 1489 1365 est
1506 1313 1565 1367 se-

391 1412 562 1508 pulcr-um
587 1410 734 1484 Adriani
761 1431 827 1506 per
845 1411 962 1484 multa
980 1412 1116 1495 secula
1133 1411 1264 1484 Postea
1287 1420 1455 1505 tempore
1471 1411 1565 1486 Gre-

391 1532 517 1627 goriil
542 1531 675 1606 dicitur
699 1531 912 1626 apparuisse
937 1531 975 1603 in
1000 1530 1213 1604 summitate
1230 1529 1309 1604 eius
1330 1552 1428 1605 unus
1447 1553 1564 1628 ange-
1699 1626 1703 1631 ἱ

390 1653 448 1726 lus
474 1673 559 1726 cum
586 1672 674 1726 ense
700 1651 736 1725 in
762 1671 897 1746 manu3
923 1651 1005 1725 ideo
1023 1650 1301 1750 denominatum
1329 1651 1398 1724 luit
1423 1652 1470 1725 ab
1496 1652 1565 1726 isto

389 1780 526 1847 eventu
557 1771 749 1846 castellum
789 1771 903 1845 sancti
928 1770 1067 1866 Angeli.
1094 1771 1164 1845 Sed
1194 1773 1286 1867 proh
1312 1772 1431 1846 dolor!
1465 1771 1565 1846 lstud

388 1898 647 1988 sumptuosum
674 1912 767 1987 opus
784 1891 1014 1965 destructum
1032 1895 1069 1965 et
1085 1897 1310 1986 prostratum
1332 1898 1387 1967 est
1404 1893 1450 1966 de
1466 1913 1564 1966 anno

389 2013 557 2108 praesenti
574 2005 611 2103 (¹)
639 2012 902 2085 dccclxxix
932 2031 998 2106 per
1027 2012 1204 2107 populum
1237 2032 1446 2106 romanum,
1478 2013 1565 2106 quia

390 2132 512 2205 luerat
536 2129 748 2223 aliquandiu
766 2120 803 2222 (²)
829 2128 1018 2204 detentum
1035 2151 1101 2225 per
1118 2131 1281 2206 lautores
1307 2131 1456 2205 Roberti
1482 2152 1565 2205 ear-

390 2252 517 2327 dinalis
543 2251 807 2345 Gebennensis3
834 2251 898 2343 qui
923 2251 1018 2325 iacto
1045 2251 1240 2328 schismate
1264 2251 1422 2347 pessimo
1448 2252 1566 2326 lactus

390 2378 444 2447 est
470 2371 638 2466 antipapa
662 2376 791 2444 eontra
816 2370 1006 2444 Urbanum
1040 2370 1094 2443 Vl.
1130 2371 1222 2444 Dicit
1248 2392 1358 2468 ergo:
1393 2393 1412 2443 e
1448 2392 1566 2443 vanno

391 2513 416 2564 a
439 2497 542 2563 santo
573 2495 692 2580 Petro,
719 2488 854 2563 scilicet
883 2510 950 2584 pro
975 2489 1211 2586 indulgentia,
1237 2513 1256 2562 e
1280 2511 1398 2564 vanno
1427 2511 1529 2564 verso
1542 2493 1568 2564 ’l

297 2672 302 2681 .
389 2617 503 2682 monte
528 2612 577 2682 da
602 2612 731 2682 l'attra
755 2610 907 2701 sponda,
932 2609 1067 2683 scilicet
1087 2630 1135 2683 ex
1160 2610 1231 2683 alia
1257 2611 1490 2687 extremitate
1507 2611 1566 2685 vel

390 2728 588 2803 medietate
609 2728 736 2823 pontis.
756 2729 861 2802 Hunc
878 2734 1003 2802 actum
1022 2734 1215 2802 notaverat
1231 2737 1341 2802 autor
1356 2750 1454 2803 anno
1471 2751 1568 2826 prae-

387 2848 484 2923 dicte
509 2847 660 2942 jubilaei,
693 2867 779 2920 eum
810 2847 933 2921 ivisset
964 2847 1011 2920 ad
1044 2847 1320 2944 indulgentiam.
1335 2889 1384 2901 —
1402 2852 1451 2921 Di
1481 2869 1562 2939 qua.

386 2968 451 3041 llic
476 2976 585 3041 auter
610 2965 792 3060 specificat
818 2986 964 3060 poenam
991 2966 1158 3040 istorum.
1185 2966 1239 3042 Ad
1264 2953 1371 3042 cuius
1400 2969 1565 3042 deelara-

387 3086 523 3160 tionem
551 3092 637 3160 nota
663 3086 762 3181 quod
787 3093 896 3160 auter
928 3086 996 3180 hie,
1023 3087 1116 3160 sicut
1148 3094 1185 3162 et
1213 3088 1250 3162 in
1282 3089 1423 3163 caeteris
1448 3089 1565 3183 paenis

386 3205 524 3300 dandis,
550 3205 713 3300 loquitur
738 3206 784 3280 de
809 3206 952 3281 inlerne
977 3208 1118 3282 morali.
1136 3209 1205 3282 Dat
1219 3209 1322 3282 ‘enim
1346 3209 1398 3282 eis
1415 3229 1563 3303 poenam

387 3325 533 3400 solitam
558 3324 637 3398 dari
651 3315 689 3415 (³)
717 3325 849 3399 talibus
873 3326 909 3399 in
936 3326 1075 3401 mundo
1100 3328 1179 3401 illo:
1206 3328 1322 3402 solent
1344 3327 1440 3402 enim
1464 3329 1567 3402 leno—

387 3465 452 3519 nes
478 3445 573 3518 hene
598 3443 787 3518 verberari
813 3451 851 3519 et
875 3447 1055 3540 baculari;
1077 3447 1159 3521 ideo
1179 3447 1282 3543 fingit
1302 3446 1401 3541 quod
1426 3446 1566 3521 daemo-

387 3584 452 3638 nes
478 3564 623 3638 cornuti
649 3571 805 3638 currunt
830 3572 910 3660 post
935 3587 999 3640 eos
1019 3567 1153 3642 acriter
1174 3568 1414 3643 caedentes'et
1437 3567 1563 3663 flagel-

387 3686 505 3759 lantes
543 3705 619 3778 eos,
656 3684 720 3757 ubi
743 3672 779 3777 (⁸)
814 3685 1009 3782 figurative
1042 3695 1127 3762 sunt
1161 3689 1211 3762 illi
1246 3690 1380 3784 quibus
1413 3691 1563 3764 lenones

387 3803 525 3878 iaciunt
538 3804 623 3898 poni
637 3824 788 3899 cornua,
803 3805 938 3880 scilicet
951 3808 1108 3903 cugucii.
1122 3807 1177 3881 nd
1194 3809 1338 3882 literam
1352 3828 1460 3904 erg03
1479 3807 1564 3882 dicit

385 3933 511 3999 autor:
539 3926 611 3996 vidi
634 3927 754 3997 dimon
772 3928 832 3998 cite
857 3929 883 3999 li
906 3928 1044 3999 dattean
1070 3931 1299 4000 medemena
1323 3931 1361 4000 di
1383 3935 1495 4020 retra,
1513 3928 1563 4003 ita

387 4042 485 4135 qrrod
511 4050 655 4137 oportet
679 4065 742 4119 eos
758 4046 897 4119 hahere
914 4045 1010 4120 hona
1029 4057 1144 4142 terga,
1163 4046 1261 4141 quia,
1282 4054 1321 4120 ut
1339 4047 1477 4121 dictum
1495 4055 1561 4142 est,

384 4168 470 4235 sunt
495 4162 542 4234 ibi
569 4164 668 4258 nudi,
696 4165 744 4239 ita
771 4165 869 4259 quod
895 4187 968 4239 non
994 4167 1151 4262 gibonus
1172 4187 1324 4263 grossus
1341 4170 1495 4244 sustinet
1513 4171 1561 4269 ini

384 4281 540 4356 verbera
558 4282 664 4378 dura,
689 4306 755 4358 con
772 4290 989 4379 praeferre,
1006 4285 1097 4360 idest
1114 4286 1238 4383 virgis,
1256 4310 1378 4381 super
1396 4293 1430 4362 lo
1446 4311 1561 4382 sassa,

449 4465 478 4528 (¹)
494 4466 525 4516 E.
542 4470 663 4531 prasenti
680 4474 749 4522 1389.
767 4473 815 4532 (Fu
832 4471 875 4522 nel
893 4474 971 4531 1379).
1056 4473 1084 4534 (¹)
1100 4473 1132 4523 E.
1149 4473 1285 4537 aliquando
1302 4474 1446 4524 detentum.

448 4540 475 4604 θ)
492 4546 546 4604 lle,
564 4544 625 4594 dare
642 4544 735 4596 talibus
751 4546 778 4596 iu
793 4548 892 4599 mundo
906 4548 963 4597 islo.
1058 4547 1085 4610 (⁸)
1101 4548 1135 4609 S.,
1153 4549 1183 4598 Ε.
1201 4562 1216 4599 e
1233 4553 1287 4609 1111,
1305 4549 1346 4599 isli
1363 4549 1506 4612 figurative.
