<?xml version="1.0" encoding="UTF-8"?>
<!DOCTYPE html PUBLIC "-//W3C//DTD XHTML 1.0 Transitional//EN"
    "http://www.w3.org/TR/xhtml1/DTD/xhtml1-transitional.dtd">
<html xmlns="http://www.w3.org/1999/xhtml" xml:lang="en" lang="en">
 <head>
  <title>
</title>
<meta http-equiv="Content-Type" content="text/html;charset=utf-8" />
  <meta name='ocr-system' content='tesseract 3.04.00' />
  <meta name='ocr-capabilities' content='ocr_page ocr_carea ocr_par ocr_line ocrx_word'/>
</head>
<body>
  <div class='ocr_page' id='page_1' title='image "benevenutideram00benvgoog_0043.png"; bbox 0 0 3450 5580; ppageno 0'>
   <div class='ocr_carea' id='block_1_1' title="bbox 272 445 1048 512">
    <p class='ocr_par' dir='ltr' id='par_1_1' title="bbox 272 445 1048 512">
     <span class='ocr_line' id='line_1_1' title="bbox 272 445 1048 512; baseline -0.009 0"><span class='ocrx_word' id='word_1_1' title='bbox 272 445 319 512; x_wconf 85' lang='lat'>30</span> <span class='ocrx_word' id='word_1_2' title='bbox 666 455 872 509; x_wconf 80' lang='lat' dir='ltr'>conanrmt</span> <span class='ocrx_word' id='word_1_3' title='bbox 897 454 1048 506; x_wconf 83' lang='lat' dir='ltr'>rnrnanr</span> 
     </span>
    </p>
   </div>
   <div class='ocr_carea' id='block_1_2' title="bbox 270 595 1451 1895">
    <p class='ocr_par' dir='ltr' id='par_1_2' title="bbox 270 595 1451 1895">
     <span class='ocr_line' id='line_1_2' title="bbox 270 595 1448 698; baseline -0.004 -22"><span class='ocrx_word' id='word_1_4' title='bbox 270 603 395 698; x_wconf 91' lang='lat' dir='ltr'>ignem</span> <span class='ocrx_word' id='word_1_5' title='bbox 411 595 447 695; x_wconf 80' lang='lat'>(¹)</span> <span class='ocrx_word' id='word_1_6' title='bbox 476 603 514 675; x_wconf 93' lang='lat' dir='ltr'>in</span> <span class='ocrx_word' id='word_1_7' title='bbox 539 599 679 697; x_wconf 89' lang='lat' dir='ltr'>regiam</span> <span class='ocrx_word' id='word_1_8' title='bbox 705 619 911 694; x_wconf 79' lang='lat' dir='ltr'><strong>persarum,</strong></span> <span class='ocrx_word' id='word_1_9' title='bbox 930 598 976 671; x_wconf 93' lang='lat' dir='ltr'>de</span> <span class='ocrx_word' id='word_1_10' title='bbox 1002 618 1076 691; x_wconf 90' lang='lat' dir='ltr'>qua</span> <span class='ocrx_word' id='word_1_11' title='bbox 1102 596 1241 671; x_wconf 86' lang='lat' dir='ltr'>dictum</span> <span class='ocrx_word' id='word_1_12' title='bbox 1260 603 1315 672; x_wconf 91' lang='lat' dir='ltr'>est</span> <span class='ocrx_word' id='word_1_13' title='bbox 1336 617 1448 692; x_wconf 87' lang='lat' dir='ltr'>supra</span> 
     </span>
     <span class='ocr_line' id='line_1_3' title="bbox 270 718 1449 818; baseline -0.003 -21"><span class='ocrx_word' id='word_1_14' title='bbox 270 725 307 797; x_wconf 97' lang='lat' dir='ltr'>in</span> <span class='ocrx_word' id='word_1_15' title='bbox 333 724 491 818; x_wconf 84' lang='lat' dir='ltr'>capitulo</span> <span class='ocrx_word' id='word_1_16' title='bbox 518 723 592 815; x_wconf 83' lang='lat' dir='ltr'>llll,</span> <span class='ocrx_word' id='word_1_17' title='bbox 618 723 678 793; x_wconf 79' lang='lat' dir='ltr'>che</span> <span class='ocrx_word' id='word_1_18' title='bbox 701 723 837 812; x_wconf 78' lang='lat' dir='ltr'>rispose</span> <span class='ocrx_word' id='word_1_19' title='bbox 854 723 892 791; x_wconf 83' lang='lat' dir='ltr'>at</span> <span class='ocrx_word' id='word_1_20' title='bbox 911 722 1027 792; x_wconf 84' lang='lat' dir='ltr'>drudo</span> <span class='ocrx_word' id='word_1_21' title='bbox 1043 739 1120 809; x_wconf 79' lang='lat' dir='ltr'>sno,</span> <span class='ocrx_word' id='word_1_22' title='bbox 1139 718 1231 792; x_wconf 91' lang='lat' dir='ltr'>idest</span> <span class='ocrx_word' id='word_1_23' title='bbox 1247 739 1361 813; x_wconf 87' lang='lat' dir='ltr'>proco</span> <span class='ocrx_word' id='word_1_24' title='bbox 1378 740 1449 793; x_wconf 87' lang='lat' dir='ltr'>sno</span> 
     </span>
     <span class='ocr_line' id='line_1_4' title="bbox 270 838 1449 933; baseline -0.003 -17"><span class='ocrx_word' id='word_1_25' title='bbox 270 843 372 918; x_wconf 86' lang='lat' dir='ltr'>iatue</span> <span class='ocrx_word' id='word_1_26' title='bbox 389 842 527 916; x_wconf 91' lang='lat' dir='ltr'>amanti</span> <span class='ocrx_word' id='word_1_27' title='bbox 553 861 636 914; x_wconf 91' lang='lat' dir='ltr'>eam</span> <span class='ocrx_word' id='word_1_28' title='bbox 664 859 748 933; x_wconf 83' lang='lat' dir='ltr'>qnae</span> <span class='ocrx_word' id='word_1_29' title='bbox 773 838 974 933; x_wconf 77' lang='lat' dir='ltr'>decipiebat</span> <span class='ocrx_word' id='word_1_30' title='bbox 992 858 1098 930; x_wconf 79' lang='lat' dir='ltr'>enm3</span> <span class='ocrx_word' id='word_1_31' title='bbox 1118 844 1156 911; x_wconf 90' lang='lat' dir='ltr'>et</span> <span class='ocrx_word' id='word_1_32' title='bbox 1178 838 1229 911; x_wconf 88' lang='lat' dir='ltr'>sic</span> <span class='ocrx_word' id='word_1_33' title='bbox 1249 838 1331 912; x_wconf 91' lang='lat' dir='ltr'>vide</span> <span class='ocrx_word' id='word_1_34' title='bbox 1348 839 1449 932; x_wconf 88' lang='lat' dir='ltr'>quod</span> 
     </span>
     <span class='ocr_line' id='line_1_5' title="bbox 270 958 1450 1057; baseline 0 -22"><span class='ocrx_word' id='word_1_35' title='bbox 270 983 381 1057; x_wconf 89' lang='lat' dir='ltr'>snpra</span> <span class='ocrx_word' id='word_1_36' title='bbox 417 961 558 1057; x_wconf 77' lang='lat' dir='ltr'><strong>punivit</strong></span> <span class='ocrx_word' id='word_1_37' title='bbox 591 961 690 1034; x_wconf 87' lang='lat' dir='ltr'>vires</span> <span class='ocrx_word' id='word_1_38' title='bbox 725 960 889 1034; x_wconf 84' lang='lat' dir='ltr'>fallentes</span> <span class='ocrx_word' id='word_1_39' title='bbox 922 959 1095 1033; x_wconf 89' lang='lat' dir='ltr'>mulieres</span> <span class='ocrx_word' id='word_1_40' title='bbox 1128 958 1164 1031; x_wconf 96' lang='lat' dir='ltr'>in</span> <span class='ocrx_word' id='word_1_41' title='bbox 1198 980 1354 1054; x_wconf 89' lang='lat' dir='ltr'>persona</span> <span class='ocrx_word' id='word_1_42' title='bbox 1388 961 1450 1036; x_wconf 83' lang='lat' dir='ltr'>Ja-</span> 
     </span>
     <span class='ocr_line' id='line_1_6' title="bbox 270 1079 1448 1176; baseline -0.001 -21"><span class='ocrx_word' id='word_1_43' title='bbox 270 1082 384 1176; x_wconf 86' lang='lat' dir='ltr'>s0nis,</span> <span class='ocrx_word' id='word_1_44' title='bbox 418 1103 517 1156; x_wconf 88' lang='lat' dir='ltr'>nunc</span> <span class='ocrx_word' id='word_1_45' title='bbox 548 1080 652 1176; x_wconf 93' lang='lat' dir='ltr'>punit</span> <span class='ocrx_word' id='word_1_46' title='bbox 686 1079 860 1153; x_wconf 89' lang='lat' dir='ltr'>mulieres</span> <span class='ocrx_word' id='word_1_47' title='bbox 890 1079 1054 1153; x_wconf 83' lang='lat' dir='ltr'>tabentes</span> <span class='ocrx_word' id='word_1_48' title='bbox 1085 1079 1182 1152; x_wconf 87' lang='lat' dir='ltr'>vires</span> <span class='ocrx_word' id='word_1_49' title='bbox 1218 1079 1255 1151; x_wconf 92' lang='lat' dir='ltr'>in</span> <span class='ocrx_word' id='word_1_50' title='bbox 1291 1100 1448 1173; x_wconf 89' lang='lat' dir='ltr'>persona</span> 
     </span>
     <span class='ocr_line' id='line_1_7' title="bbox 272 1199 1447 1295; baseline -0.001 -21"><span class='ocrx_word' id='word_1_51' title='bbox 272 1200 428 1294; x_wconf 86' lang='lat' dir='ltr'>Thaidis,</span> <span class='ocrx_word' id='word_1_52' title='bbox 445 1205 531 1274; x_wconf 83' lang='lat' dir='ltr'>anzi</span> <span class='ocrx_word' id='word_1_53' title='bbox 548 1203 802 1290; x_wconf 78' lang='lat' dir='ltr'>mereviptiosc,</span> <span class='ocrx_word' id='word_1_54' title='bbox 821 1199 912 1273; x_wconf 93' lang='lat' dir='ltr'>idest</span> <span class='ocrx_word' id='word_1_55' title='bbox 938 1199 1050 1273; x_wconf 91' lang='lat' dir='ltr'>babes</span> <span class='ocrx_word' id='word_1_56' title='bbox 1075 1199 1215 1295; x_wconf 82' lang='lat' dir='ltr'>gratias</span> <span class='ocrx_word' id='word_1_57' title='bbox 1235 1221 1309 1274; x_wconf 87' lang='lat' dir='ltr'>nen</span> <span class='ocrx_word' id='word_1_58' title='bbox 1326 1203 1447 1273; x_wconf 85' lang='lat' dir='ltr'>solnm</span> 
     </span>
     <span class='ocr_line' id='line_1_8' title="bbox 271 1318 1450 1417; baseline 0 -24"><span class='ocrx_word' id='word_1_59' title='bbox 271 1341 436 1417; x_wconf 87' lang='lat' dir='ltr'>magnas,</span> <span class='ocrx_word' id='word_1_60' title='bbox 452 1321 515 1394; x_wconf 91' lang='lat' dir='ltr'>sed</span> <span class='ocrx_word' id='word_1_61' title='bbox 540 1321 706 1416; x_wconf 77' lang='lat' dir='ltr'>ingentes</span> <span class='ocrx_word' id='word_1_62' title='bbox 730 1318 829 1414; x_wconf 88' lang='lat' dir='ltr'>apud</span> <span class='ocrx_word' id='word_1_63' title='bbox 854 1340 927 1412; x_wconf 89' lang='lat' dir='ltr'>me,</span> <span class='ocrx_word' id='word_1_64' title='bbox 949 1321 1091 1410; x_wconf 80' lang='lat' dir='ltr'>quando</span> <span class='ocrx_word' id='word_1_65' title='bbox 1116 1321 1220 1410; x_wconf 66' lang='lat' dir='ltr'>desse,</span> <span class='ocrx_word' id='word_1_66' title='bbox 1241 1319 1332 1394; x_wconf 92' lang='lat' dir='ltr'>idest</span> <span class='ocrx_word' id='word_1_67' title='bbox 1356 1321 1450 1415; x_wconf 91' lang='lat' dir='ltr'>peti-</span> 
     </span>
     <span class='ocr_line' id='line_1_9' title="bbox 272 1439 1449 1534; baseline 0.001 -21"><span class='ocrx_word' id='word_1_68' title='bbox 272 1441 334 1534; x_wconf 87' lang='lat' dir='ltr'>vit,</span> <span class='ocrx_word' id='word_1_69' title='bbox 353 1443 398 1512; x_wconf 82' lang='lat' dir='ltr'>do</span> <span class='ocrx_word' id='word_1_70' title='bbox 423 1444 458 1512; x_wconf 84' lang='lat' dir='ltr'>ic</span> <span class='ocrx_word' id='word_1_71' title='bbox 482 1443 606 1531; x_wconf 70' lang='lat' dir='ltr'>prante</span> <span class='ocrx_word' id='word_1_72' title='bbox 621 1442 755 1530; x_wconf 62' lang='lat' dir='ltr'>mandi</span> <span class='ocrx_word' id='word_1_73' title='bbox 771 1460 864 1531; x_wconf 85' lang='lat' dir='ltr'>appo</span> <span class='ocrx_word' id='word_1_74' title='bbox 882 1446 936 1511; x_wconf 80' lang='lat' dir='ltr'>te?</span> <span class='ocrx_word' id='word_1_75' title='bbox 952 1440 996 1511; x_wconf 90' lang='lat' dir='ltr'>Et</span> <span class='ocrx_word' id='word_1_76' title='bbox 1013 1439 1071 1512; x_wconf 92' lang='lat' dir='ltr'>bic</span> <span class='ocrx_word' id='word_1_77' title='bbox 1089 1446 1188 1531; x_wconf 81' lang='lat' dir='ltr'>nota,</span> <span class='ocrx_word' id='word_1_78' title='bbox 1207 1439 1333 1532; x_wconf 88' lang='lat' dir='ltr'>lector,</span> <span class='ocrx_word' id='word_1_79' title='bbox 1349 1440 1449 1533; x_wconf 89' lang='lat' dir='ltr'>quod</span> 
     </span>
     <span class='ocr_line' id='line_1_10' title="bbox 271 1560 1449 1655; baseline -0.001 -21"><span class='ocrx_word' id='word_1_80' title='bbox 271 1561 387 1655; x_wconf 88' lang='lat' dir='ltr'>aliqui</span> <span class='ocrx_word' id='word_1_81' title='bbox 413 1560 606 1653; x_wconf 89' lang='lat' dir='ltr'>mirantur,</span> <span class='ocrx_word' id='word_1_82' title='bbox 625 1560 700 1634; x_wconf 90' lang='lat' dir='ltr'>imo</span> <span class='ocrx_word' id='word_1_83' title='bbox 722 1560 948 1634; x_wconf 84' lang='lat' dir='ltr'>calumniant</span> <span class='ocrx_word' id='word_1_84' title='bbox 972 1560 1109 1633; x_wconf 89' lang='lat' dir='ltr'>dictam</span> <span class='ocrx_word' id='word_1_85' title='bbox 1137 1560 1287 1653; x_wconf 86' lang='lat' dir='ltr'>autoris,</span> <span class='ocrx_word' id='word_1_86' title='bbox 1308 1560 1367 1634; x_wconf 91' lang='lat' dir='ltr'>bic</span> <span class='ocrx_word' id='word_1_87' title='bbox 1391 1560 1449 1633; x_wconf 90' lang='lat' dir='ltr'>di·</span> 
     </span>
     <span class='ocr_line' id='line_1_11' title="bbox 271 1680 1451 1775; baseline 0.002 -21"><span class='ocrx_word' id='word_1_88' title='bbox 271 1688 407 1775; x_wconf 77' lang='lat' dir='ltr'>centes,</span> <span class='ocrx_word' id='word_1_89' title='bbox 435 1680 534 1774; x_wconf 90' lang='lat' dir='ltr'>quod</span> <span class='ocrx_word' id='word_1_90' title='bbox 560 1680 666 1754; x_wconf 82' lang='lat' dir='ltr'>Thais</span> <span class='ocrx_word' id='word_1_91' title='bbox 692 1701 765 1754; x_wconf 88' lang='lat' dir='ltr'>nen</span> <span class='ocrx_word' id='word_1_92' title='bbox 790 1681 874 1755; x_wconf 87' lang='lat' dir='ltr'>iecit</span> <span class='ocrx_word' id='word_1_93' title='bbox 900 1681 1006 1754; x_wconf 91' lang='lat' dir='ltr'>istam</span> <span class='ocrx_word' id='word_1_94' title='bbox 1036 1682 1309 1775; x_wconf 84' lang='lat' dir='ltr'>responsionem</span> <span class='ocrx_word' id='word_1_95' title='bbox 1341 1683 1451 1756; x_wconf 87' lang='lat' dir='ltr'>Tras-</span> 
     </span>
     <span class='ocr_line' id='line_1_12' title="bbox 273 1800 1450 1895; baseline 0.002 -21"><span class='ocrx_word' id='word_1_96' title='bbox 273 1801 365 1894; x_wconf 80' lang='lat' dir='ltr'>soni,</span> <span class='ocrx_word' id='word_1_97' title='bbox 384 1801 479 1874; x_wconf 88' lang='lat' dir='ltr'>sicut</span> <span class='ocrx_word' id='word_1_98' title='bbox 490 1801 568 1895; x_wconf 89' lang='lat' dir='ltr'>jam</span> <span class='ocrx_word' id='word_1_99' title='bbox 588 1800 723 1895; x_wconf 90' lang='lat' dir='ltr'>scripsi.</span> <span class='ocrx_word' id='word_1_100' title='bbox 741 1801 795 1874; x_wconf 84' lang='lat' dir='ltr'>Ad</span> <span class='ocrx_word' id='word_1_101' title='bbox 812 1800 912 1894; x_wconf 87' lang='lat' dir='ltr'>quod</span> <span class='ocrx_word' id='word_1_102' title='bbox 930 1801 1144 1895; x_wconf 86' lang='lat' dir='ltr'>respondeo,</span> <span class='ocrx_word' id='word_1_103' title='bbox 1162 1802 1260 1895; x_wconf 88' lang='lat' dir='ltr'>quod</span> <span class='ocrx_word' id='word_1_104' title='bbox 1281 1802 1375 1875; x_wconf 91' lang='lat' dir='ltr'>istud</span> <span class='ocrx_word' id='word_1_105' title='bbox 1392 1808 1450 1876; x_wconf 76' lang='lat' dir='ltr'>est</span> 
     </span>
    </p>
   </div>
   <div class='ocr_carea' id='block_1_3' title="bbox 217 1920 1450 2617">
    <p class='ocr_par' dir='ltr' id='par_1_3' title="bbox 217 1920 1450 2617">
     <span class='ocr_line' id='line_1_13' title="bbox 273 1920 1449 2017; baseline 0.003 -25"><span class='ocrx_word' id='word_1_106' title='bbox 273 1920 388 1994; x_wconf 86' lang='lat' dir='ltr'>rixari</span> <span class='ocrx_word' id='word_1_107' title='bbox 413 1920 459 1994; x_wconf 93' lang='lat' dir='ltr'>de</span> <span class='ocrx_word' id='word_1_108' title='bbox 485 1922 568 1995; x_wconf 91' lang='lat' dir='ltr'>lana</span> <span class='ocrx_word' id='word_1_109' title='bbox 593 1921 741 2015; x_wconf 89' lang='lat' dir='ltr'>caprina</span> <span class='ocrx_word' id='word_1_110' title='bbox 767 1930 804 1996; x_wconf 86' lang='lat' dir='ltr'>et</span> <span class='ocrx_word' id='word_1_111' title='bbox 828 1921 875 1994; x_wconf 93' lang='lat' dir='ltr'>de</span> <span class='ocrx_word' id='word_1_112' title='bbox 900 1921 982 2017; x_wconf 87' lang='lat' dir='ltr'>lege</span> <span class='ocrx_word' id='word_1_113' title='bbox 1007 1921 1115 1996; x_wconf 86' lang='lat' dir='ltr'>suffia</span> <span class='ocrx_word' id='word_1_114' title='bbox 1136 1922 1276 1996; x_wconf 87' lang='lat' dir='ltr'>canina.</span> <span class='ocrx_word' id='word_1_115' title='bbox 1299 1924 1392 1997; x_wconf 92' lang='lat' dir='ltr'>Nam</span> <span class='ocrx_word' id='word_1_116' title='bbox 1419 1921 1449 1995; x_wconf 93' lang='lat' dir='ltr'>si</span> 
     </span>
     <span class='ocr_line' id='line_1_14' title="bbox 272 2040 1450 2137; baseline 0.003 -24"><span class='ocrx_word' id='word_1_117' title='bbox 272 2041 381 2114; x_wconf 84' lang='lat' dir='ltr'>Thais</span> <span class='ocrx_word' id='word_1_118' title='bbox 407 2041 532 2114; x_wconf 91' lang='lat' dir='ltr'>retulit</span> <span class='ocrx_word' id='word_1_119' title='bbox 557 2041 643 2114; x_wconf 86' lang='lat' dir='ltr'>istas</span> <span class='ocrx_word' id='word_1_120' title='bbox 668 2051 792 2137; x_wconf 79' lang='lat' dir='ltr'>grates</span> <span class='ocrx_word' id='word_1_121' title='bbox 811 2040 966 2115; x_wconf 87' lang='lat' dir='ltr'>Gnatoni</span> <span class='ocrx_word' id='word_1_122' title='bbox 985 2042 1120 2116; x_wconf 87' lang='lat' dir='ltr'>nuncio</span> <span class='ocrx_word' id='word_1_123' title='bbox 1137 2042 1335 2136; x_wconf 86' lang='lat' dir='ltr'>Trassonis,</span> <span class='ocrx_word' id='word_1_124' title='bbox 1354 2043 1450 2117; x_wconf 90' lang='lat' dir='ltr'>bene</span> 
     </span>
     <span class='ocr_line' id='line_1_15' title="bbox 276 2154 1449 2258; baseline 0.002 -24"><span class='ocrx_word' id='word_1_125' title='bbox 276 2161 394 2257; x_wconf 89' lang='lat' dir='ltr'>potuit</span> <span class='ocrx_word' id='word_1_126' title='bbox 418 2162 541 2235; x_wconf 87' lang='lat' dir='ltr'>dicere</span> <span class='ocrx_word' id='word_1_127' title='bbox 565 2168 675 2236; x_wconf 88' lang='lat' dir='ltr'>auter</span> <span class='ocrx_word' id='word_1_128' title='bbox 700 2161 799 2254; x_wconf 88' lang='lat' dir='ltr'>qued</span> <span class='ocrx_word' id='word_1_129' title='bbox 825 2162 992 2236; x_wconf 91' lang='lat' dir='ltr'>retulerit</span> <span class='ocrx_word' id='word_1_130' title='bbox 1006 2154 1044 2255; x_wconf 81' lang='lat'>(¹)</span> <span class='ocrx_word' id='word_1_131' title='bbox 1071 2164 1136 2258; x_wconf 92' lang='lat' dir='ltr'>ipsi</span> <span class='ocrx_word' id='word_1_132' title='bbox 1162 2162 1342 2257; x_wconf 87' lang='lat' dir='ltr'>Trassoni,</span> <span class='ocrx_word' id='word_1_133' title='bbox 1361 2163 1449 2256; x_wconf 88' lang='lat' dir='ltr'>quia</span> 
     </span>
     <span class='ocr_line' id='line_1_16' title="bbox 217 2281 1449 2380; baseline 0.002 -25"><span class='ocrx_word' id='word_1_134' title='bbox 217 2319 221 2327; x_wconf 93' lang='lat'><em>·</em></span> <span class='ocrx_word' id='word_1_135' title='bbox 272 2287 492 2377; x_wconf 86' lang='lat' dir='ltr'>procurator</span> <span class='ocrx_word' id='word_1_136' title='bbox 518 2288 555 2355; x_wconf 93' lang='lat' dir='ltr'>et</span> <span class='ocrx_word' id='word_1_137' title='bbox 574 2281 731 2355; x_wconf 91' lang='lat' dir='ltr'>nuncius</span> <span class='ocrx_word' id='word_1_138' title='bbox 747 2289 803 2356; x_wconf 93' lang='lat' dir='ltr'>est</span> <span class='ocrx_word' id='word_1_139' title='bbox 820 2289 1011 2377; x_wconf 87' lang='lat' dir='ltr'>tamquam</span> <span class='ocrx_word' id='word_1_140' title='bbox 1032 2284 1112 2378; x_wconf 85' lang='lat' dir='ltr'>pica</span> <span class='ocrx_word' id='word_1_141' title='bbox 1129 2291 1167 2358; x_wconf 92' lang='lat' dir='ltr'>et</span> <span class='ocrx_word' id='word_1_142' title='bbox 1184 2305 1367 2380; x_wconf 88' lang='lat' dir='ltr'>organum</span> <span class='ocrx_word' id='word_1_143' title='bbox 1387 2303 1449 2357; x_wconf 92' lang='lat' dir='ltr'>re-</span> 
     </span>
     <span class='ocr_line' id='line_1_17' title="bbox 272 2391 1450 2498; baseline 0.001 -23"><span class='ocrx_word' id='word_1_144' title='bbox 272 2402 395 2476; x_wconf 84' lang='lat' dir='ltr'>terens</span> <span class='ocrx_word' id='word_1_145' title='bbox 420 2391 586 2493; x_wconf 76' lang='lat' dir='ltr'>verbal³l</span> <span class='ocrx_word' id='word_1_146' title='bbox 613 2401 761 2475; x_wconf 88' lang='lat' dir='ltr'>demini.</span> <span class='ocrx_word' id='word_1_147' title='bbox 789 2404 833 2475; x_wconf 88' lang='lat' dir='ltr'>Et</span> <span class='ocrx_word' id='word_1_148' title='bbox 858 2403 988 2476; x_wconf 91' lang='lat' dir='ltr'>ultimo</span> <span class='ocrx_word' id='word_1_149' title='bbox 1015 2415 1125 2480; x_wconf 89' lang='lat' dir='ltr'>autor</span> <span class='ocrx_word' id='word_1_150' title='bbox 1151 2404 1325 2479; x_wconf 85' lang='lat' dir='ltr'>terminat</span> <span class='ocrx_word' id='word_1_151' title='bbox 1349 2403 1450 2498; x_wconf 91' lang='lat' dir='ltr'>capi-</span> 
     </span>
     <span class='ocr_line' id='line_1_18' title="bbox 273 2508 1449 2617; baseline 0.003 -24"><span class='ocrx_word' id='word_1_152' title='bbox 273 2522 394 2594; x_wconf 90' lang='lat' dir='ltr'>tulum</span> <span class='ocrx_word' id='word_1_153' title='bbox 411 2508 447 2613; x_wconf 72' lang='lat'>(⁴)</span> <span class='ocrx_word' id='word_1_154' title='bbox 474 2528 512 2595; x_wconf 91' lang='lat' dir='ltr'>et</span> <span class='ocrx_word' id='word_1_155' title='bbox 537 2521 731 2595; x_wconf 89' lang='lat' dir='ltr'>materiam</span> <span class='ocrx_word' id='word_1_156' title='bbox 762 2522 868 2596; x_wconf 91' lang='lat' dir='ltr'>istam</span> <span class='ocrx_word' id='word_1_157' title='bbox 904 2522 1142 2597; x_wconf 89' lang='lat' dir='ltr'>concludens:</span> <span class='ocrx_word' id='word_1_158' title='bbox 1173 2546 1192 2596; x_wconf 85' lang='lat' dir='ltr'>e</span> <span class='ocrx_word' id='word_1_159' title='bbox 1223 2527 1339 2617; x_wconf 81' lang='lat' dir='ltr'>quinci</span> <span class='ocrx_word' id='word_1_160' title='bbox 1369 2527 1449 2596; x_wconf 58' lang='lat' dir='ltr'>aaa</span> 
     </span>
    </p>
   </div>
   <div class='ocr_carea' id='block_1_4' title="bbox 269 2642 1451 3577">
    <p class='ocr_par' dir='ltr' id='par_1_4' title="bbox 269 2642 1451 3577">
     <span class='ocr_line' id='line_1_19' title="bbox 272 2642 1450 2735; baseline 0.003 -21"><span class='ocrx_word' id='word_1_161' title='bbox 272 2644 445 2714; x_wconf 78' lang='lat' dir='ltr'>terrestre</span> <span class='ocrx_word' id='word_1_162' title='bbox 471 2644 554 2713; x_wconf 78' lang='lat' dir='ltr'>victe</span> <span class='ocrx_word' id='word_1_163' title='bbox 582 2645 693 2733; x_wconf 83' lang='lat' dir='ltr'>snzie,</span> <span class='ocrx_word' id='word_1_164' title='bbox 720 2643 825 2735; x_wconf 88' lang='lat' dir='ltr'>quasi</span> <span class='ocrx_word' id='word_1_165' title='bbox 857 2642 976 2716; x_wconf 88' lang='lat' dir='ltr'>dicat:</span> <span class='ocrx_word' id='word_1_166' title='bbox 1003 2643 1089 2715; x_wconf 90' lang='lat' dir='ltr'>satis</span> <span class='ocrx_word' id='word_1_167' title='bbox 1115 2643 1283 2717; x_wconf 90' lang='lat' dir='ltr'>stetimus</span> <span class='ocrx_word' id='word_1_168' title='bbox 1308 2644 1345 2716; x_wconf 94' lang='lat' dir='ltr'>in</span> <span class='ocrx_word' id='word_1_169' title='bbox 1373 2646 1450 2718; x_wconf 84' lang='lat' dir='ltr'>alto</span> 
     </span>
     <span class='ocr_line' id='line_1_20' title="bbox 272 2761 1450 2857; baseline 0.002 -22"><span class='ocrx_word' id='word_1_170' title='bbox 272 2768 383 2855; x_wconf 90' lang='lat' dir='ltr'>ponte</span> <span class='ocrx_word' id='word_1_171' title='bbox 407 2762 454 2834; x_wconf 90' lang='lat' dir='ltr'>ad</span> <span class='ocrx_word' id='word_1_172' title='bbox 481 2761 748 2855; x_wconf 88' lang='lat' dir='ltr'>respiciendum</span> <span class='ocrx_word' id='word_1_173' title='bbox 781 2769 818 2837; x_wconf 93' lang='lat' dir='ltr'>et</span> <span class='ocrx_word' id='word_1_174' title='bbox 848 2763 1172 2857; x_wconf 89' lang='lat' dir='ltr'>contemplandum</span> <span class='ocrx_word' id='word_1_175' title='bbox 1201 2763 1297 2837; x_wconf 90' lang='lat' dir='ltr'>istud</span> <span class='ocrx_word' id='word_1_176' title='bbox 1329 2764 1450 2837; x_wconf 85' lang='lat' dir='ltr'>lundi-</span> 
     </span>
     <span class='ocr_line' id='line_1_21' title="bbox 272 2873 1451 2976; baseline 0.003 -21"><span class='ocrx_word' id='word_1_177' title='bbox 272 2902 358 2955; x_wconf 92' lang='lat' dir='ltr'>cum</span> <span class='ocrx_word' id='word_1_178' title='bbox 386 2901 530 2975; x_wconf 73' lang='lat' dir='ltr'>magnae</span> <span class='ocrx_word' id='word_1_179' title='bbox 544 2873 581 2974; x_wconf 76' lang='lat'>(⁵)</span> <span class='ocrx_word' id='word_1_180' title='bbox 610 2882 800 2976; x_wconf 84' lang='lat' dir='ltr'>spetiariae.</span> <span class='ocrx_word' id='word_1_181' title='bbox 828 2884 872 2956; x_wconf 82' lang='lat' dir='ltr'>Et</span> <span class='ocrx_word' id='word_1_182' title='bbox 896 2883 955 2957; x_wconf 91' lang='lat' dir='ltr'>bic</span> <span class='ocrx_word' id='word_1_183' title='bbox 976 2891 1061 2957; x_wconf 81' lang='lat' dir='ltr'>nota</span> <span class='ocrx_word' id='word_1_184' title='bbox 1083 2884 1303 2959; x_wconf 83' lang='lat' dir='ltr'>laudabilem</span> <span class='ocrx_word' id='word_1_185' title='bbox 1325 2892 1362 2959; x_wconf 95' lang='lat' dir='ltr'>et</span> <span class='ocrx_word' id='word_1_186' title='bbox 1379 2885 1451 2958; x_wconf 92' lang='lat' dir='ltr'>mi-</span> 
     </span>
     <span class='ocr_line' id='line_1_22' title="bbox 272 3000 1451 3100; baseline 0.004 -27"><span class='ocrx_word' id='word_1_187' title='bbox 272 3000 425 3074; x_wconf 91' lang='lat' dir='ltr'>rabilem</span> <span class='ocrx_word' id='word_1_188' title='bbox 452 3000 636 3073; x_wconf 89' lang='lat' dir='ltr'>cantelam</span> <span class='ocrx_word' id='word_1_189' title='bbox 661 3002 813 3096; x_wconf 81' lang='lat' dir='ltr'>autoris,</span> <span class='ocrx_word' id='word_1_190' title='bbox 828 3003 890 3096; x_wconf 93' lang='lat' dir='ltr'>qui</span> <span class='ocrx_word' id='word_1_191' title='bbox 909 3009 984 3077; x_wconf 89' lang='lat' dir='ltr'>tam</span> <span class='ocrx_word' id='word_1_192' title='bbox 1007 3003 1079 3077; x_wconf 89' lang='lat' dir='ltr'>cito</span> <span class='ocrx_word' id='word_1_193' title='bbox 1097 3025 1137 3078; x_wconf 90' lang='lat' dir='ltr'>se</span> <span class='ocrx_word' id='word_1_194' title='bbox 1154 3005 1299 3100; x_wconf 86' lang='lat' dir='ltr'>expedit</span> <span class='ocrx_word' id='word_1_195' title='bbox 1317 3006 1363 3080; x_wconf 95' lang='lat' dir='ltr'>de</span> <span class='ocrx_word' id='word_1_196' title='bbox 1380 3006 1451 3079; x_wconf 92' lang='lat' dir='ltr'>du-</span> 
     </span>
     <span class='ocr_line' id='line_1_23' title="bbox 271 3121 1448 3220; baseline 0.003 -26"><span class='ocrx_word' id='word_1_197' title='bbox 271 3122 351 3217; x_wconf 91' lang='lat' dir='ltr'>plici</span> <span class='ocrx_word' id='word_1_198' title='bbox 386 3121 539 3196; x_wconf 89' lang='lat' dir='ltr'>materia</span> <span class='ocrx_word' id='word_1_199' title='bbox 570 3121 730 3195; x_wconf 88' lang='lat' dir='ltr'>duarum</span> <span class='ocrx_word' id='word_1_200' title='bbox 767 3123 979 3220; x_wconf 89' lang='lat' dir='ltr'>bulgiarum</span> <span class='ocrx_word' id='word_1_201' title='bbox 1018 3130 1208 3217; x_wconf 88' lang='lat' dir='ltr'>tamquam</span> <span class='ocrx_word' id='word_1_202' title='bbox 1245 3125 1448 3200; x_wconf 89' lang='lat' dir='ltr'>utilissima.</span> 
     </span>
     <span class='ocr_line' id='line_1_24' title="bbox 272 3241 1451 3339; baseline 0.003 -22"><span class='ocrx_word' id='word_1_203' title='bbox 272 3242 372 3317; x_wconf 89' lang='lat' dir='ltr'>Sicut</span> <span class='ocrx_word' id='word_1_204' title='bbox 390 3241 488 3315; x_wconf 91' lang='lat' dir='ltr'>enim</span> <span class='ocrx_word' id='word_1_205' title='bbox 506 3262 634 3316; x_wconf 91' lang='lat' dir='ltr'>sensus</span> <span class='ocrx_word' id='word_1_206' title='bbox 650 3243 828 3318; x_wconf 89' lang='lat' dir='ltr'>abhorret</span> <span class='ocrx_word' id='word_1_207' title='bbox 847 3245 930 3319; x_wconf 90' lang='lat' dir='ltr'>talia</span> <span class='ocrx_word' id='word_1_208' title='bbox 949 3245 1084 3339; x_wconf 83' lang='lat' dir='ltr'>videre,</span> <span class='ocrx_word' id='word_1_209' title='bbox 1102 3246 1200 3320; x_wconf 92' lang='lat' dir='ltr'>nnde</span> <span class='ocrx_word' id='word_1_210' title='bbox 1219 3248 1331 3321; x_wconf 90' lang='lat' dir='ltr'>bomo</span> <span class='ocrx_word' id='word_1_211' title='bbox 1348 3249 1451 3320; x_wconf 88' lang='lat' dir='ltr'>clau-</span> 
     </span>
     <span class='ocr_line' id='line_1_25' title="bbox 269 3361 1450 3458; baseline 0.003 -22"><span class='ocrx_word' id='word_1_212' title='bbox 269 3361 323 3436; x_wconf 93' lang='lat' dir='ltr'>dit</span> <span class='ocrx_word' id='word_1_213' title='bbox 349 3382 456 3436; x_wconf 89' lang='lat' dir='ltr'>nares</span> <span class='ocrx_word' id='word_1_214' title='bbox 482 3368 519 3436; x_wconf 93' lang='lat' dir='ltr'>et</span> <span class='ocrx_word' id='word_1_215' title='bbox 544 3363 757 3438; x_wconf 89' lang='lat' dir='ltr'>transvertit</span> <span class='ocrx_word' id='word_1_216' title='bbox 786 3364 918 3458; x_wconf 84' lang='lat' dir='ltr'>visum,</span> <span class='ocrx_word' id='word_1_217' title='bbox 951 3366 999 3439; x_wconf 90' lang='lat' dir='ltr'>ita</span> <span class='ocrx_word' id='word_1_218' title='bbox 1031 3365 1161 3440; x_wconf 84' lang='lat' dir='ltr'>oculus</span> <span class='ocrx_word' id='word_1_219' title='bbox 1194 3366 1450 3440; x_wconf 92' lang='lat' dir='ltr'>intellectualis</span> 
     </span>
     <span class='ocr_line' id='line_1_26' title="bbox 272 3481 1367 3577; baseline 0.005 -21"><span class='ocrx_word' id='word_1_220' title='bbox 272 3482 358 3556; x_wconf 91' lang='lat' dir='ltr'>talia</span> <span class='ocrx_word' id='word_1_221' title='bbox 383 3481 596 3577; x_wconf 87' lang='lat' dir='ltr'>detestatur,</span> <span class='ocrx_word' id='word_1_222' title='bbox 623 3490 662 3558; x_wconf 91' lang='lat' dir='ltr'>et</span> <span class='ocrx_word' id='word_1_223' title='bbox 686 3484 757 3559; x_wconf 87' lang='lat' dir='ltr'>cito</span> <span class='ocrx_word' id='word_1_224' title='bbox 782 3483 928 3559; x_wconf 90' lang='lat' dir='ltr'>divertit</span> <span class='ocrx_word' id='word_1_225' title='bbox 953 3487 998 3559; x_wconf 93' lang='lat' dir='ltr'>ad</span> <span class='ocrx_word' id='word_1_226' title='bbox 1025 3487 1134 3561; x_wconf 91' lang='lat' dir='ltr'>aliam</span> <span class='ocrx_word' id='word_1_227' title='bbox 1161 3487 1367 3562; x_wconf 89' lang='lat' dir='ltr'>materiam.</span> 
     </span>
    </p>
   </div>
   <div class='ocr_carea' id='block_1_5' title="bbox 333 3745 1304 4049">
    <p class='ocr_par' dir='ltr' id='par_1_5' title="bbox 334 3745 839 3814">
     <span class='ocr_line' id='line_1_27' title="bbox 334 3745 839 3814; baseline 0.012 -17"><span class='ocrx_word' id='word_1_228' title='bbox 334 3745 362 3808; x_wconf 79' lang='lat'>(¹)</span> <span class='ocrx_word' id='word_1_229' title='bbox 380 3751 435 3809; x_wconf 81' lang='lat' dir='ltr'>tre,</span> <span class='ocrx_word' id='word_1_230' title='bbox 452 3749 536 3811; x_wconf 83' lang='lat' dir='ltr'>ignem</span> <span class='ocrx_word' id='word_1_231' title='bbox 553 3749 580 3799; x_wconf 86' lang='lat' dir='ltr'>in</span> <span class='ocrx_word' id='word_1_232' title='bbox 596 3763 678 3814; x_wconf 86' lang='lat' dir='ltr'>regne</span> <span class='ocrx_word' id='word_1_233' title='bbox 694 3765 839 3814; x_wconf 82' lang='lat' dir='ltr'>persarum.</span> 
     </span>
    </p>

    <p class='ocr_par' dir='ltr' id='par_1_6' title="bbox 335 3823 968 3887">
     <span class='ocr_line' id='line_1_28' title="bbox 335 3823 968 3887; baseline 0.008 -13"><span class='ocrx_word' id='word_1_234' title='bbox 335 3823 362 3887; x_wconf 69' lang='grc' dir='ltr'>ι’)</span> <span class='ocrx_word' id='word_1_235' title='bbox 379 3826 409 3875; x_wconf 86' lang='grc' dir='ltr'>Ε.</span> <span class='ocrx_word' id='word_1_236' title='bbox 428 3827 526 3877; x_wconf 81' lang='lat' dir='ltr'>retulit.</span> <span class='ocrx_word' id='word_1_237' title='bbox 537 3854 565 3864; x_wconf 98' lang='lat'>-</span> <span class='ocrx_word' id='word_1_238' title='bbox 577 3832 630 3886; x_wconf 80' lang='lat' dir='ltr'>tte.</span> <span class='ocrx_word' id='word_1_239' title='bbox 646 3830 767 3881; x_wconf 83' lang='lat' dir='ltr'>retulerit</span> <span class='ocrx_word' id='word_1_240' title='bbox 784 3831 829 3880; x_wconf 89' lang='lat' dir='ltr'>sibi</span> <span class='ocrx_word' id='word_1_241' title='bbox 846 3831 968 3880; x_wconf 82' lang='lat' dir='ltr'>Trueni.</span> 
     </span>
    </p>

    <p class='ocr_par' dir='ltr' id='par_1_7' title="bbox 333 3899 1157 3966">
     <span class='ocr_line' id='line_1_29' title="bbox 333 3899 1157 3966; baseline 0.01 -16"><span class='ocrx_word' id='word_1_242' title='bbox 333 3899 360 3962; x_wconf 74' lang='lat'>(¹)</span> <span class='ocrx_word' id='word_1_243' title='bbox 377 3901 406 3952; x_wconf 88' lang='grc' dir='ltr'>Ε.</span> <span class='ocrx_word' id='word_1_244' title='bbox 425 3903 502 3952; x_wconf 79' lang='lat' dir='ltr'>rerba</span> <span class='ocrx_word' id='word_1_245' title='bbox 518 3905 616 3954; x_wconf 87' lang='lat' dir='ltr'>domini</span> <span class='ocrx_word' id='word_1_246' title='bbox 633 3904 681 3955; x_wconf 81' lang='lat' dir='ltr'>sni.</span> <span class='ocrx_word' id='word_1_247' title='bbox 698 3905 740 3956; x_wconf 87' lang='lat' dir='ltr'>Et.</span> <span class='ocrx_word' id='word_1_248' title='bbox 752 3911 846 3966; x_wconf 81' lang='lat' dir='ltr'>-llt‚</span> <span class='ocrx_word' id='word_1_249' title='bbox 864 3907 974 3956; x_wconf 78' lang='lat' dir='ltr'>verbum</span> <span class='ocrx_word' id='word_1_250' title='bbox 991 3907 1099 3958; x_wconf 89' lang='lat' dir='ltr'>domini.</span> <span class='ocrx_word' id='word_1_251' title='bbox 1116 3908 1157 3958; x_wconf 86' lang='lat' dir='ltr'>Et.</span> 
     </span>
    </p>

    <p class='ocr_par' dir='ltr' id='par_1_8' title="bbox 334 3977 1304 4049">
     <span class='ocr_line' id='line_1_30' title="bbox 334 3977 1304 4049; baseline 0.008 -22"><span class='ocrx_word' id='word_1_252' title='bbox 334 3977 361 4036; x_wconf 80' lang='lat'>(¹)</span> <span class='ocrx_word' id='word_1_253' title='bbox 378 3977 403 4028; x_wconf 86' lang='lat' dir='ltr'>S.</span> <span class='ocrx_word' id='word_1_254' title='bbox 420 3978 487 4028; x_wconf 81' lang='lat' dir='ltr'>istud</span> <span class='ocrx_word' id='word_1_255' title='bbox 504 3981 654 4043; x_wconf 88' lang='lat' dir='ltr'>capitulum.</span> <span class='ocrx_word' id='word_1_256' title='bbox 840 3983 869 4045; x_wconf 82' lang='lat'>(⁸)</span> <span class='ocrx_word' id='word_1_257' title='bbox 888 3987 933 4033; x_wconf 83' lang='lat' dir='ltr'>tte</span> <span class='ocrx_word' id='word_1_258' title='bbox 950 3997 965 4033; x_wconf 88' lang='lat' dir='ltr'>e</span> <span class='ocrx_word' id='word_1_259' title='bbox 982 3984 1012 4034; x_wconf 80' lang='lat' dir='ltr'>a.</span> <span class='ocrx_word' id='word_1_260' title='bbox 1029 3998 1152 4049; x_wconf 84' lang='lat' dir='ltr'>magnum</span> <span class='ocrx_word' id='word_1_261' title='bbox 1168 3985 1304 4047; x_wconf 74' lang='lat' dir='ltr'>apetiaria.</span> 
     </span>
    </p>
   </div>
   <div class='ocr_carea' id='block_1_6' title="bbox 728 4303 994 4314">
    <p class='ocr_par' dir='ltr' id='par_1_9' title="bbox 728 4303 994 4314">
     <span class='ocr_line' id='line_1_31' title="bbox 728 4303 994 4314; baseline 0.015 -4"><span class='ocrx_word' id='word_1_262' title='bbox 728 4303 994 4314; x_wconf 43' lang='grc' dir='ltr'>*ψ-</span> 
     </span>
    </p>
   </div>
   <div class='ocr_carea' id='block_1_7' title="bbox 0 0 1733 5580">
    <p class='ocr_par' dir='ltr' id='par_1_10' title="bbox 0 0 1733 5580">
     <span class='ocr_line' id='line_1_32' title="bbox 0 0 1733 5580; baseline 0 0"><span class='ocrx_word' id='word_1_263' title='bbox 0 0 1733 5580; x_wconf 95' lang='lat' dir='ltr'> </span> 
     </span>
    </p>
   </div>
  </div>
 </body>
</html>
