3450 5580
550 432 556 438 ’
605 471 743 528 caurus
769 473 927 529 nucrnus
952 473 1121 531 ocmvus.
1408 467 1451 532 11

275 620 427 714 frustra,
453 619 552 694 unde
582 618 689 693 dicit:
723 641 784 692 ma
807 640 901 712 poco
930 621 956 694 li
985 624 1105 694 voce:
1136 623 1223 716 quia
1239 616 1276 716 (¹)
1310 631 1453 698 tantum

275 740 475 836 recognovi
497 759 603 832 eum,
621 759 687 835 per
705 739 804 833 quod
821 746 923 816 notat
944 740 1042 834 quod
1067 741 1149 835 quis
1174 764 1248 816 non
1265 751 1382 839 potest
1401 744 1454 818 uti

276 865 377 933 tanta
402 866 495 954 arte,
521 860 621 953 quod
646 880 721 933 non
745 867 989 957 cognoscatur
1014 862 1087 937 tale
1108 862 1251 957 vitium,
1270 866 1357 958 quia
1382 865 1455 940 cito

275 978 426 1054 infamia
451 979 594 1053 laboral
618 985 747 1054 eontra
772 988 942 1056 autorem
969 981 1050 1055 talis
1076 980 1223 1077 fraudis,
1243 991 1280 1058 et
1302 994 1357 1059 est
1374 1007 1455 1060 ma-

276 1100 377 1174 xima
402 1120 488 1194 pars
512 1117 591 1173 suae
614 1120 747 1195 poenae,
768 1099 866 1173 clr'io
892 1103 1038 1174 doaso
1063 1105 1277 1194 lachapelle
1301 1106 1454 1178 locello

275 1240 300 1292 a
325 1227 438 1310 mro,
464 1239 541 1316 prae
556 1209 592 1312 (²)
620 1219 979 1315 verecundiarum
1003 1224 1155 1295 Venetico
1176 1227 1455 1319 Oucmunemlm5

274 1338 339 1412 sed
377 1358 451 1412 non
483 1346 587 1433 potes
625 1340 810 1434 expellere
843 1340 1032 1415 infamiam
1066 1342 1229 1416 maxime
1267 1343 1453 1418 inimicam

276 1456 359 1551 tibi3
387 1457 520 1532 etheo
545 1456 648 1532 dico:
681 1481 718 1532 se
743 1463 775 1533 le
800 1463 938 1554 fazioo,
965 1460 1057 1535 idest
1086 1461 1307 1538 lineamenta
1337 1463 1453 1558 faciei,

275 1594 361 1669 quae
388 1574 496 1649 aliter
521 1576 695 1651 dicuntur
717 1583 881 1672 sutlezze,
898 1620 948 1633 -
965 1581 1024 1653 cte
1046 1584 1143 1672 porti
1166 1603 1239 1655 non
1263 1603 1328 1655 soa
1350 1587 1451 1677 sulse.

273 1695 351 1770 lloc
375 1716 443 1792 pro
470 1702 570 1770 tauto
596 1697 680 1772 dicit
696 1688 746 1792 (³),
765 1698 852 1793 quia
873 1719 970 1793 saepe
996 1699 1193 1774 similitudo
1210 1700 1339 1774 iormae
1364 1703 1454 1776 fallit

273 1815 473 1911 hominem,
491 1823 532 1889 ut
551 1817 717 1892 Valerius
737 1818 894 1893 ostendit
917 1819 955 1892 in
974 1819 1046 1893 fine
1063 1820 1119 1893 sui
1139 1820 1220 1893 libri
1239 1842 1304 1915 per
1322 1842 1452 1896 exem-

272 1937 332 2032 pla
358 1938 584 2030 multorum;
612 1938 717 2032 quasi
742 1939 856 2012 dicat:
884 1960 957 2013 non
983 1940 1107 2034 accepi
1128 1946 1166 2014 te
1183 1940 1219 2014 in
1246 1941 1450 2016 scambium

272 2078 341 2153 pro
367 2057 451 2151 alio,
484 2058 570 2152 quia
602 2058 803 2133 certissime
834 2064 870 2133 te
905 2079 1128 2155 recognosco
1144 2047 1180 2151 (⁸)
1212 2061 1290 2135 sine
1323 2082 1453 2137 errore

272 2178 408 2273 aliquo.
435 2178 537 2253 Unde
561 2178 686 2252 audiri
712 2179 811 2272 quod
843 2179 910 2252 iste
940 2178 1110 2253 dominus
1141 2178 1339 2255 veneticus
1364 2202 1452 2255 con-

273 2299 369 2394 cepit
399 2318 514 2394 grave
542 2297 668 2371 odium
702 2304 829 2372 contra
864 2298 1033 2391 Dantem,
1068 2304 1105 2372 et
1138 2301 1351 2395 procuravit
1384 2303 1451 2376 ali-

274 2417 423 2512 quando
448 2418 583 2492 laedere
607 2438 713 2511 eum;
740 2418 839 2512 quod
864 2418 894 2491 si
919 2419 970 2491 sic
996 2419 1063 2491 luit
1088 2420 1215 2493 habuit
1246 2422 1451 2514 obliquum,

273 2544 355 2611 tum
382 2539 469 2631 quia
494 2544 603 2612 autor
629 2557 763 2612 verum
782 2537 878 2629 dicit,
898 2544 977 2610 lum
999 2534 1086 2631 quia
1107 2560 1313 2633 numquam
1333 2542 1448 2635 parcit

273 2657 383 2732 alicui
409 2678 483 2732 non
508 2657 670 2752 principi,
697 2677 769 2731 non
796 2677 910 2751 papae,
936 2677 1010 2730 non
1040 2657 1179 2752 patriae,
1209 2679 1283 2733 non
1315 2680 1448 2754 paren-

276 2777 383 2851 tibus.
410 2778 454 2850 ut
479 2778 568 2872 petit
590 2785 700 2851 autor
726 2777 771 2851 de
797 2797 909 2851 causa
935 2782 1010 2850 tam
1037 2777 1153 2871 turpis
1170 2797 1288 2873 poenae
1306 2778 1447 2853 dicens:

273 2903 337 2970 illu
362 2899 423 2970 olle
446 2900 472 2970 a·
496 2919 599 2970 meno
632 2918 656 2969 a
684 2889 714 2969 si
741 2900 911 2989 pungenti
939 2900 1060 2969 saue?
1090 2897 1143 2971 Ad
1173 2897 1447 2994 intelligentiam

273 3015 384 3089 huius
409 3017 535 3111 literae,
561 3022 603 3089 ut
629 3016 753 3093 videas
779 3022 871 3110 quot
887 3023 972 3090 sunt
996 3016 1140 3091 occulta
1167 3022 1203 3091 et
1228 3016 1395 3113 ignorata
1410 3011 1446 3109 (⁵)

272 3135 310 3209 in
336 3135 404 3208 isto
429 3136 534 3230 libro,
561 3137 645 3210 volo
670 3142 708 3210 te
732 3136 838 3229 scire,
859 3135 957 3229 quod
975 3139 1073 3208 Salre
1098 3141 1154 3209 est
1179 3136 1327 3230 quidam
1347 3139 1449 3212 locus

272 3255 446 3330 Bononiae
471 3276 656 3331 concavus
686 3261 722 3329 et
753 3255 916 3329 declivus
946 3260 1051 3328 extra
1083 3255 1268 3330 civitatem
1300 3265 1381 3352 post
1412 3265 1450 3333 et

272 3394 387 3471 prope
405 3383 569 3449 sanctam
586 3374 738 3449 lllariam
757 3374 793 3449 in
814 3375 946 3468 Monte,
967 3373 1005 3446 in
1022 3395 1134 3468 quem
1153 3376 1318 3450 solebant
1342 3377 1448 3451 abiici

273 3515 427 3589 corpora
453 3495 743 3589 desperatorum,
763 3494 1044 3589 ioeneratorum,
1062 3500 1099 3568 et
1116 3494 1273 3569 aliorum
1293 3496 1448 3571 infama-

274 3623 409 3692 torum.
437 3616 538 3689 Unde
563 3614 759 3708 aliquando
780 3613 902 3688 audiri
927 3634 1063 3709 pueros
1088 3614 1261 3690 Bononiae
1287 3617 1448 3691 dicentes

272 3757 391 3810 unum
416 3733 521 3807 alteri
546 3733 592 3807 ad
618 3733 906 3828 improperium:
934 3734 1035 3806 Tuus
1052 3741 1156 3827 pater
1175 3735 1243 3808 fuit
1263 3735 1448 3829 proiectus

270 3856 319 3931 ad
338 3855 468 3928 Salsas.
486 3852 541 3926 Ad
558 3853 785 3948 propositum
812 3873 903 3949 ergo
920 3859 1028 3926 autor
1046 3854 1126 3927 vult
1143 3854 1282 3928 dicere:
1301 3853 1394 3940 Quid
1408 3844 1446 3945 (Β)

271 3975 372 4049 ducit
398 3981 433 4048 te
458 3973 504 4048 ad
531 3972 662 4048 vallem
690 3979 765 4046 tarn
791 3972 978 4065 infamem,
1001 3972 1095 4046 sicut
1119 3979 1174 4047 est
1200 3972 1301 4046 vallis
1327 3972 1448 4047 Salsa-

271 4115 359 4170 rum
385 4093 482 4189 apud
507 4094 663 4190 patriam
696 4096 829 4166 tuam‘l
852 4093 933 4166 Non
964 4112 1054 4187 ergo
1085 4092 1206 4188 capias
1236 4092 1294 4166 hic
1326 4093 1447 4167 Salsas

270 4236 339 4312 pro
361 4235 504 4311 sapore,
522 4214 615 4287 sicut
632 4211 879 4286 communiter
897 4232 1026 4285 omnes
1045 4218 1243 4306 exponunt,
1262 4211 1348 4305 quia
1366 4233 1447 4286 me-

332 4443 360 4505 (¹)
379 4448 432 4505 116,
449 4447 508 4509 quia
526 4450 611 4495 lamen
627 4444 776 4507 recognovi.
911 4441 938 4504 (¹)
956 4446 1010 4503 116,
1027 4456 1075 4505 pro
1092 4441 1256 4495 verecundia.

331 4519 361 4581 (¹)
378 4520 407 4571 E·
425 4520 491 4570 dico·
912 4519 938 4578 (⁸)
955 4518 981 4569 S.
998 4532 1013 4569 e
1031 4523 1085 4580 116,
1103 4531 1240 4583 cognosco.

334 4595 361 4658 ζ’)
379 4601 424 4647 llo
439 4609 455 4646 a
471 4596 502 4646 ll.
519 4597 656 4660 lncoguila.
912 4594 939 4657 (⁸)
955 4595 986 4645 E.
1003 4595 1048 4659 qni
1065 4596 1144 4649 ducit.
