3450 5580
496 464 634 519 caurus
660 466 817 521 oremus
841 467 1011 523 ocrnvus.
1291 462 1336 528 29

160 629 263 683 nunc
287 616 342 684 est
375 616 451 684 tam
477 610 693 704 deformata,
719 618 756 686 el
788 612 971 686 sordidata
1003 620 1186 709 stercore3
1213 623 1250 689 et
1277 617 1338 690 ubi

160 737 244 805 erat
270 737 345 805 tam
372 732 482 826 polita
497 726 534 824 (¹)
562 745 600 810 et
625 741 766 828 ornata,
786 756 883 810 nunc
903 744 957 810 est
987 737 1036 810 ita
1061 737 1130 812 irta
1145 731 1183 830 (²)
1211 747 1248 814 et
1273 740 1339 815 de-

158 852 345 947 capillata3
372 853 459 947 quia
490 853 553 927 ubi
587 854 735 928 Alerius
765 855 994 948 percutiebat
1022 855 1090 929 sibi
1115 866 1226 952 caput
1250 880 1337 933 cum

159 993 276 1046 manu
302 994 370 1067 pro
395 974 533 1068 dolore,
560 974 627 1047 ista
653 975 838 1049 lacerabat
854 965 892 1067 (³)
911 976 978 1048 sibi
1000 976 1119 1051 crines
1144 998 1230 1051 cum
1260 1000 1338 1054 ma-

159 1091 281 1185 nibus,
300 1098 337 1166 et
363 1093 540 1167 exarabat
566 1093 632 1167 sibi
657 1115 771 1189 genas
789 1115 874 1168 cum
894 1096 1097 1192 unguibus;
1117 1097 1215 1172 unde
1235 1099 1336 1172 dicit:

158 1213 220 1283 clue
245 1202 282 1284 ld
297 1234 335 1284 se
350 1216 479 1304 qruffio
495 1234 562 1285 con
578 1216 740 1303 lunqlrie
760 1218 928 1287 merdoso.
951 1216 994 1287 Et
1015 1216 1073 1289 bic
1094 1224 1191 1310 nota,
1210 1219 1336 1313 lector,

159 1333 261 1426 quod
287 1334 393 1406 multi
410 1322 446 1425 (⁴)
473 1334 656 1408 mirantur
682 1341 718 1408 et
745 1333 943 1409 trudantur
975 1336 1021 1410 de
1051 1337 1120 1410 isto
1147 1338 1256 1412 modo
1282 1340 1338 1413 lo-

158 1453 296 1546 quendi
323 1460 399 1528 tam
425 1455 558 1549 inepto,
585 1474 659 1547 quo
684 1461 793 1528 autor
820 1455 937 1527 utitur
969 1455 1165 1549 aliquando
1198 1457 1234 1530 in
1269 1459 1336 1532 lsta

158 1573 334 1666 materia3
352 1574 415 1647 sed
436 1582 537 1648 certe
563 1595 635 1649 non
661 1579 805 1668 poterat
823 1574 953 1649 melius
974 1576 1085 1669 loqui,
1105 1578 1334 1653 considerata

157 1713 317 1787 persona
341 1694 388 1767 de
414 1716 488 1787 qua
514 1695 689 1788 loquitur,
717 1693 804 1787 quia
829 1687 1019 1768 sermones
1045 1701 1130 1767 sunt
1156 1696 1336 1771 formandi

158 1814 365 1888 secundum
389 1814 592 1889 subiectam
614 1814 808 1889 materiam
820 1806 870 1906 (⁵).
886 1814 1014 1888 Nonne
1032 1815 1145 1888 sancti
1166 1817 1336 1890 doctores

158 1934 297 2008 nedum
318 1941 435 2028 poetae
453 1935 516 2028 qui
533 1935 669 2009 babent
685 1936 866 2030 majorem
884 1934 1066 2008 licentiam
1085 1936 1227 2009 caeteris
1245 1934 1335 2008 scri-

156 2054 330 2128 bentibus
357 2061 511 2130 utuntur
536 2075 633 2150 stupe
658 2055 835 2129 similibus
861 2056 1117 2129 sermonibus?
1142 2056 1334 2144 Quomodo

157 2181 303 2269 poterat
327 2182 435 2248 autor
462 2175 624 2268 pulcrius
657 2175 757 2268 loqui
789 2174 835 2249 de
867 2176 1063 2251 meretrice
1096 2177 1333 2271 impudentis-

157 2294 281 2367 sima?
307 2295 406 2367 Bene
422 2283 458 2385 (⁶)
486 2293 571 2367 dicit
596 2295 789 2367 Salomon:
821 2297 942 2367 Omnis
955 2300 1156 2388 sornburio
1173 2306 1224 2369 est
1244 2305 1334 2369 ster-

156 2435 218 2487 cus
243 2418 478 2487 conculcatum
502 2418 539 2487 in
565 2418 637 2505 triu,
655 2415 773 2507 qualIs
798 2415 866 2488 luit
887 2416 954 2489 ista
982 2438 1116 2512 magna
1144 2417 1331 2492 meretrix.

156 2534 330 2607 Meretrix
344 2533 442 2608 enim
456 2534 601 2628 dicitur,
615 2533 720 2627 quasi
734 2535 867 2610 merito
882 2535 982 2627 trita;
1000 2542 1037 2608 et
1056 2536 1169 2630 tangit
1187 2556 1330 2610 morem

157 2653 363 2727 meretricis
388 2675 472 2746 quae
499 2674 703 2746 numquam
730 2653 884 2746 quiescit
901 2653 937 2726 in
954 2654 1046 2746 loco,
1065 2654 1140 2726 imo
1158 2662 1213 2727 est
1234 2675 1333 2728 senr-

157 2796 225 2869 per
251 2774 288 2846 in
314 2774 488 2848 continuo
515 2781 631 2868 motu,
658 2773 795 2848 dicens:
822 2780 856 2845 et
878 2794 922 2846 or
946 2777 1154 2864 s’accoscdo,
1173 2783 1206 2847 et
1229 2796 1273 2846 or
1298 2770 1334 2847 e‘e

153 2897 193 2967 in
215 2897 311 2986 piedi
325 2901 449 2983 stante,
465 2893 556 2968 idest
582 2899 619 2967 et
644 2915 743 2966 nunc
759 2893 860 2988 ponit
877 2915 917 2968 se
932 2894 980 2968 ad
1000 2894 1213 2988 sedendum,
1232 2916 1331 2968 nunc

154 3019 226 3088 stat
253 3020 352 3087 recta
367 3002 404 3103 (⁷)
425 3012 462 3086 in
487 3013 650 3107 pedibus.
669 3012 771 3087 Unde
788 3012 961 3087 Salomon
981 3015 1135 3108 loquens
1152 3013 1198 3088 de
1216 3015 1276 3088 tali
1292 3004 1331 3106 (⁸)

153 3133 259 3207 dicit:
277 3138 322 3206 Et
336 3155 411 3205 ecce
427 3136 549 3206 multer
566 3141 695 3205 ornatu
713 3137 906 3207 meretricio
919 3142 1143 3225 preparata,
1161 3138 1329 3225 qarrula,
1393 3178 1396 3182 ι

155 3274 266 3343 ouon,
279 3256 399 3343 quietus
422 3255 615 3344 impatiens,
634 3274 706 3325 non
731 3257 849 3326 voleus
866 3258 1052 3328 consulere
1064 3256 1208 3347 pedidus
1225 3260 1331 3328 domo

153 3396 222 3447 suu
236 3365 287 3466 (⁹),
302 3376 552 3465 apprehensum
574 3376 794 3448 deosculatur
810 3375 990 3465 juvenem,
1008 3382 1041 3448 et
1056 3379 1203 3468 procaci
1226 3377 1329 3448 blon-

155 3497 252 3568 dtur
277 3499 383 3584 uultu,
407 3498 544 3567 abens:
570 3498 660 3585 veni,
691 3496 902 3567 inebriemur
933 3496 1104 3588 motum,
1137 3505 1170 3568 et
1197 3500 1331 3589 cupidis

150 3617 321 3708 fruamur
345 3616 575 3706 amplexione,
601 3617 813 3705 transfixisti
836 3619 925 3688 enim
947 3617 1188 3706 suqittujecur
1208 3638 1328 3692 ancum.

153 3733 214 3807 Sic
241 3741 342 3808 recte
366 3733 509 3807 dicebat
537 3734 643 3807 Thais
668 3735 715 3807 ad
730 3734 908 3827 juvenem
928 3735 973 3809 de
991 3756 1065 3828 quo
1082 3735 1206 3807 scribit
1223 3735 1330 3807 AEso-

152 3876 235 3948 pus.
263 3855 307 3926 lit
330 3853 500 3927 describit
525 3874 609 3928 eam
634 3875 658 3928 a
683 3853 831 3927 nomine
860 3855 1020 3948 proprio,
1046 3854 1186 3927 dicens:
1225 3857 1331 3927 Toide

151 3972 192 4049 e‘e
221 3979 258 4047 lo
281 3982 440 4066 padano.
476 3974 558 4046 Fuit
589 3975 701 4048 etiam
733 3974 802 4049 alia
839 3974 945 4049 Thais
980 3974 1119 4047 famosa
1154 3973 1329 4047 meretrix

150 4095 349 4170 Alexandri
376 4095 511 4190 magni,
538 4115 623 4188 quae
655 4115 741 4167 cum
773 4095 981 4170 Alexandro
1012 4094 1157 4167 ebrioso
1183 4093 1331 4167 immisit

216 4301 244 4358 (¹)
260 4298 291 4348 Ε.
308 4299 407 4361 pulcra.
826 4300 853 4362 (⁸)
869 4300 900 4350 ll.
917 4301 999 4350 irrita.

217 4374 245 4435 ι’)
262 4379 315 4432 llll,
333 4374 438 4425 lacerat.
827 4375 854 4438 (¹)
870 4376 896 4426 S.
914 4376 992 4439 aliqui
1009 4376 1052 4425 bic
1069 4374 1206 4424 mirantur.

215 4449 285 4511 (¹18.
302 4463 437 4512 personam
455 4452 496 4501 vel
512 4453 657 4502 materiam.
827 4452 855 4515 (⁸)
870 4452 902 4503 E.
919 4452 951 4503 de
967 4466 1019 4516 qua
1035 4453 1099 4502 bene
1116 4450 1187 4500 dicit.

216 4528 245 4590 (³)
261 4528 287 4577 S.
305 4534 374 4577 recta
392 4529 417 4577 in
435 4531 535 4591 pedem.
546 4555 574 4566 —
585 4530 615 4580 E.
632 4534 719 4580 erecta
736 4531 762 4579 in
779 4530 895 4592 pedibus.

217 4604 245 4668 ι’)
260 4605 286 4655 S.
303 4605 334 4655 de
351 4606 452 4656 talibus.
829 4607 857 4671 (¹)
873 4608 904 4659 E.
921 4609 947 4659 ln
963 4609 1040 4658 domo
1057 4621 1111 4657 suu.
