3450 5580
152 485 155 489 ’
275 465 321 530 20
674 474 876 528 couauruu
902 473 1055 526 ruranru

273 621 352 693 lum
370 619 580 714 impositum
601 618 635 691 in
653 618 859 692 naviculam
874 611 912 709 (¹)
931 617 1027 691 misit
1044 624 1150 691 extra
1170 616 1326 688 insulam
1346 633 1451 687 com-

274 740 450 814 mendans
483 739 602 834 ipsum
638 738 704 811 diis
730 746 767 812 et
796 739 971 831 lortunae3
998 743 1035 811 et
1060 736 1155 810 lacto
1187 735 1271 830 igne
1296 734 1451 808 simula-

273 859 338 933 bat
359 851 395 951 θ)
434 860 555 933 lacere
592 858 702 932 iunus
740 859 793 953 ei;
824 864 860 932 et
893 857 944 930 sic
978 858 1096 931 insula
1130 856 1258 930 nobilis
1292 854 1448 949 campis,

271 978 413 1073 divitiis,
439 979 526 1054 viris
551 986 589 1053 et
618 978 767 1072 viribus,
799 985 835 1052 et
860 996 978 1072 nuper
1007 976 1116 1049 ditata
1144 974 1335 1069 triumphis
1360 975 1449 1047 bos·

274 1100 365 1177 tium
391 1099 545 1194 perdidit
569 1099 677 1172 simul
704 1106 742 1173 et
766 1099 880 1173 semel
905 1117 1035 1172 omnes
1061 1097 1254 1170 masculos.
1284 1095 1328 1166 Et
1360 1114 1448 1168 ecoe

273 1220 309 1294 in
335 1220 463 1294 diebus
489 1220 555 1292 illis
579 1225 665 1293 ante
690 1218 848 1313 primam
873 1217 1159 1292 destructionem
1178 1216 1295 1290 Troiae
1317 1236 1449 1311 super·

273 1340 373 1413 venit
396 1339 445 1413 ad
469 1339 624 1413 insulam
652 1338 754 1411 navis
780 1359 913 1434 magna
939 1337 1079 1411 lamosa
1104 1337 1199 1411 dicta
1224 1337 1336 1430 drgo,
1357 1355 1445 1409 cum

273 1481 347 1553 qua
373 1458 516 1533 inclitus
541 1460 650 1532 lason
676 1479 762 1532 cum
788 1457 1001 1553 argonautis
1031 1457 1106 1530 suis
1132 1456 1332 1550 juvenibus
1365 1453 1448 1528 aui-

274 1579 385 1653 mosis
423 1578 498 1653 ibat
535 1579 572 1651 in
612 1577 799 1674 regionem
843 1578 1057 1652 colchorum
1095 1577 1141 1650 ad
1178 1576 1446 1670 acquirendum

272 1720 430 1774 aureum
459 1699 584 1773 vellus.
612 1698 656 1770 Et
681 1697 855 1771 continuo
881 1697 1056 1772 mulieres
1085 1696 1230 1771 lemniae
1260 1697 1336 1771 visa
1361 1696 1447 1770 navi

272 1818 428 1892 mirabili
455 1817 678 1912 suspicantes
701 1817 800 1910 quod
816 1823 912 1891 esset
934 1816 1043 1889 missa
1057 1808 1095 1908 (³)
1123 1816 1294 1890 divinitus
1319 1815 1365 1889 ad
1392 1815 1449 1889 ia-

272 1938 442 2015 ciendum
464 1939 603 2032 iustam
630 1936 825 2011 vindictam
855 1937 901 2010 de
932 1936 1184 2011 crudelissimo
1214 1936 1353 2010 scelere
1381 1956 1447 2009 ea-

273 2081 371 2154 rum,
384 2063 654 2133 concurrerunt
664 2044 700 2148 (ι)
721 2056 767 2129 ad
781 2056 918 2130 moenia
936 2056 1091 2130 civitatis
1104 2057 1311 2132 munientes
1326 2063 1450 2129 turres

272 2178 461 2273 lapidibus,
479 2177 587 2271 saxis,
605 2175 705 2270 paliS,
724 2183 762 2249 et
782 2176 972 2251 induentes
990 2177 1104 2251 tristia
1130 2199 1236 2252 arma
1263 2179 1448 2250 maculata

251 2297 451 2393 sanguine
476 2316 643 2391 suorum,
669 2297 848 2390 parabant
865 2316 905 2369 se
921 2296 967 2369 ad
987 2295 1246 2371 defensionem.
1267 2298 1359 2370 Cum
1378 2318 1450 2371 au-

274 2427 349 2494 tem
376 2418 478 2492 navis
503 2417 643 2490 Iasonis
660 2417 970 2511 appropinquaret
986 2417 1032 2490 ad
1050 2418 1206 2491 insulam
1225 2438 1291 2512 per
1303 2419 1447 2511 jactum

273 2540 424 2637 sagittae,
450 2539 610 2612 loeminae
635 2559 722 2613 cum
751 2538 930 2612 debilibus
957 2538 1127 2613 manibus
1158 2538 1349 2612 mittebant
1375 2539 1447 2612 tela

272 2670 399 2737 contra
425 2661 523 2735 viros
549 2659 773 2753 fortissimos,
801 2659 929 2752 quales
961 2666 1066 2734 erant
1098 2661 1286 2753 Hercules,
1318 2660 1450 2733 Thela-

225 2881 227 2886 .
272 2803 371 2876 mon,
397 2782 538 2872 Nestor,
565 2779 691 2852 Castor
717 2785 754 2853 et
780 2779 921 2872 Pollux,
949 2786 986 2853 et
1015 2779 1074 2852 alii
1110 2779 1177 2852 viri
1209 2778 1445 2875 magnanimi.

272 2905 374 2978 Tunc
391 2903 499 2975 lason
521 2919 608 2971 cum
627 2918 733 2971 ramo
751 2897 856 2971 olivae
874 2905 912 2972 et
928 2898 1046 2973 fronte
1064 2920 1207 2992 serena,
1224 2900 1335 2994 petita
1352 2898 1451 2973 fidu·

272 3022 340 3114 cia,
366 3018 530 3093 narravit
554 3036 704 3090 causam
739 3016 795 3089 sui
822 3016 1020 3111 adventus;
1048 3025 1084 3092 et
1109 3019 1271 3092 breviter
1297 3019 1449 3093 suerunt

273 3139 408 3234 recepti
434 3137 592 3232 benigne
617 3155 746 3209 ornnes
771 3135 866 3209 intra
891 3136 1075 3211 civitatem
1102 3140 1183 3213 loco
1205 3139 1370 3213 virorum
1392 3139 1450 3212 in-

273 3260 531 3349 terfectorum5
558 3264 595 3331 et
620 3255 846 3331 invenientes
872 3257 919 3330 ibi
945 3258 1091 3332 dulcem
1106 3250 1143 3350 (⁵)
1166 3266 1354 3353 pasturam
1372 3266 1448 3333 ste-

272 3387 397 3454 terunt
421 3398 486 3472 per
512 3398 662 3470 annum,
689 3383 727 3451 et
752 3377 894 3470 lsipbile
920 3396 1114 3473 praegnans
1143 3379 1190 3452 de
1220 3380 1352 3452 iasone
1382 3400 1449 3472 pe-

271 3499 365 3594 perit
389 3496 576 3593 gemellos.
604 3498 712 3570 lason
738 3503 862 3571 autem
881 3497 1036 3592 cupidus
1056 3498 1194 3593 gloriae,
1214 3519 1287 3572 non
1312 3499 1450 3573 oblitus

271 3618 419 3694 honoris
451 3618 507 3692 sui
546 3618 660 3691 voluit
686 3618 740 3692 ire
774 3617 872 3692 viam
906 3640 1026 3712 suam,
1051 3625 1088 3693 et
1118 3619 1283 3713 promisit
1315 3619 1446 3714 lsipbili

270 3747 502 3816 sacramento
528 3760 567 3813 se
599 3739 806 3813 rediturum
832 3760 898 3834 per
932 3740 1088 3815 insulam
1121 3742 1290 3833 Lemnos,
1317 3746 1354 3812 et
1385 3760 1448 3813 as-

270 3867 508 3955 sumpturum
535 3860 649 3954 ipsam
676 3860 713 3933 in
747 3880 917 3954 sponsam
948 3860 1095 3934 unicam
1131 3860 1160 3932 si
1192 3866 1449 3934 reverteretur

271 3981 344 4055 voti
371 4000 531 4074 compos.
559 3979 629 4053 Sed
658 3986 785 4072 captus
819 4000 915 4053 novo
945 3999 1074 4054 amore
1106 3979 1240 4053 Medeae
1274 4000 1447 4054 reversus

270 4107 326 4174 est
350 4099 388 4173 in
412 4099 581 4193 patriam,
607 4097 748 4192 lsipbile
773 4098 955 4171 derelicta.
984 4097 1121 4173 Deinde
1148 4099 1244 4173 sama
1270 4100 1365 4172 iacta
1391 4107 1448 4174 est

271 4218 309 4292 in
334 4217 451 4291 insula
477 4219 634 4292 Lemnos
656 4217 755 4311 quod
772 4216 913 4310 lsipbile
931 4217 1152 4292 liberaverat
1168 4229 1311 4313 patrem
1333 4240 1445 4292 suum

333 4443 362 4506 (¹)
379 4450 433 4503 ¹¹⁶·
450 4445 477 4494 in
494 4444 620 4495 navicula·
948 4444 976 4508 (¹)
993 4445 1023 4495 lt.
1040 4446 1177 4496 simulabat
1193 4446 1271 4495 sunus
1286 4447 1350 4496 eius.

333 4521 359 4583 (¹)
375 4522 405 4571 Ε.
423 4522 497 4570 missa
515 4521 628 4570 mirabili
644 4521 777 4573 divinitate
794 4520 826 4570 ad
842 4519 995 4571 faciendam.

335 4598 364 4661 (¹)
379 4599 410 4649 Ε·
428 4603 611 4649 cucurrerunt·
949 4599 976 4662 (⁸)
993 4599 1024 4649 E.
1041 4600 1171 4664 duplicem
1188 4605 1329 4663 pasturam.
