3450 5580
277 822 442 891 cANTUs
476 822 666 891 DECIMUS
701 824 854 904 NONUS,
888 827 924 890 in
953 845 1013 908 qno
1046 831 1164 892 tractat
1197 827 1236 892 do
1268 829 1450 895 simoniacis

340 937 443 1018 papis
457 937 635 1018 protentis
661 936 785 1002 ontibus
812 937 848 1002 in
875 936 1036 1019 lapidibus
1056 938 1303 1022 propriam
1328 945 1358 1005 et
1383 942 1449 1006 isto

344 1052 392 1114 esi
413 1048 509 1112 tortio
532 1047 657 1132 bulgio:
687 1053 718 1113 ot
746 1050 828 1114 sicin
857 1048 978 1115 locutus
1006 1055 1054 1115 est
1081 1048 1208 1116 Dentes
1240 1072 1309 1117 oum
1342 1050 1448 1134 atiquo

350 1177 457 1223 comm
473 1158 547 1223 olim
555 1179 649 1241 popo
671 1159 710 1225 do
738 1158 873 1238 Ursinis,
890 1165 920 1226 ct
933 1161 990 1226 sot
1007 1161 1098 1226 titulo
1114 1161 1284 1227 multorum
1301 1162 1447 1228 oliorum.

353 1469 435 1636 0
450 1570 576 1638 Srrron
589 1585 708 1656 mogo,
723 1585 745 1636 o
762 1568 880 1637 miseri
897 1568 1047 1655 sequaci.
1066 1565 1264 1659 Postquam
1284 1569 1320 1641 in
1338 1591 1448 1665 supe-

272 1682 359 1757 riori
387 1683 545 1778 capitulo
571 1684 739 1778 proxime
765 1684 985 1779 praecedenti
1002 1691 1113 1757 autor
1133 1696 1257 1761 noster
1278 1690 1449 1763 tractavit

271 1811 307 1879 et
331 1804 591 1879 determinavit
621 1806 667 1879 de
697 1806 812 1900 poenis
845 1807 1020 1879 lenonum
1048 1811 1085 1879 et
1110 1805 1357 1900 adulatorum,
1384 1808 1447 1901 qui

269 1922 476 2018 puniuntur
501 1924 537 1996 in
564 1924 682 2018 prima
701 1933 738 1999 et
760 1925 920 1999 secunda
939 1924 1082 2020 bulgia3
1101 1946 1201 1999 nunc
1218 1946 1449 2021 consequen-

270 2051 327 2119 ter
352 2044 429 2140 agit
454 2051 491 2118 et
517 2051 648 2119 tractat
673 2046 719 2119 de
746 2045 852 2119 tertia
867 2039 904 2136 (¹)
931 2046 1051 2140 specie
1076 2046 1224 2141 fraudis,
1245 2047 1380 2122 scilicet
1401 2048 1448 2121 si-

270 2163 396 2237 monia
421 2169 459 2237 et
484 2163 770 2238 simoniacorum
796 2186 915 2259 poena,
942 2165 1006 2258 qui
1038 2166 1242 2260 puniuntur
1276 2167 1313 2240 in
1340 2167 1448 2242 tertia

270 2285 408 2380 bulgia.
436 2285 481 2360 Et
505 2304 665 2379 praesens
686 2285 887 2379 capitulum
907 2286 988 2359 XlX
1014 2293 1133 2380 potest
1157 2287 1264 2361 dividi
1292 2289 1329 2360 in
1355 2308 1449 2381 qua-

270 2411 356 2479 tuor
391 2411 513 2509 partes
541 2405 742 2500 generales.
771 2406 810 2476 ln
837 2426 998 2498 quarum
1029 2406 1148 2500 prima
1173 2414 1282 2481 autor
1307 2407 1444 2482 deseri-

270 2524 322 2597 bit
348 2545 497 2619 poenam
524 2524 811 2599 simoniacorum
842 2525 880 2597 in
913 2527 1087 2620 generali.
1119 2527 1159 2599 ln
1193 2528 1354 2602 secunda
1389 2529 1446 2600 in-

270 2644 431 2719 troducit
462 2667 578 2718 unum
606 2645 814 2740 pontificem
842 2666 1019 2739 magnum
1046 2646 1302 2739 simoniacum,
1329 2638 1442 2740 quite

269 2766 413 2840 confert
437 2785 564 2839 secum
584 2766 711 2858 multa,
730 2766 798 2839 ibi:
821 2768 881 2837 cti
897 2759 934 2837 ie
950 2772 1113 2838 moestro.
1136 2767 1176 2839 ln
1197 2767 1304 2840 tertia
1329 2768 1448 2842 dictus

271 2885 436 2980 pontifex
469 2885 634 2960 nominat
672 2885 763 2959 alios
801 2885 1019 2959 simoniacos
1053 2890 1090 2959 et
1128 2906 1167 2960 se
1204 2906 1290 2959 cum
1306 2876 1344 2979 (³)
1370 2887 1448 2981 illis,

270 3005 341 3079 ibi:
369 3010 414 3078 Se
438 3009 477 3078 di
497 3028 614 3098 sopor.
642 3008 680 3078 ln
708 3013 841 3099 quarta
867 3010 904 3080 et
930 3005 1061 3079 ultima
1090 3005 1255 3099 increpat
1284 3013 1321 3080 et
1352 3007 1449 3081 vitu-

269 3132 377 3220 perat
407 3145 534 3199 amare
567 3125 797 3218 simoniacos,
824 3145 985 3218 quorum
1019 3125 1173 3200 avaritia
1203 3126 1364 3199 mundus
1394 3134 1449 3202 est

269 3266 481 3340 perversus,
507 3246 577 3319 ibi:
604 3250 646 3318 lo
671 3267 743 3318 non
768 3267 818 3318 so.
846 3245 899 3319 Ad
925 3245 1087 3340 primum
1114 3266 1205 3343 ergo
1230 3248 1322 3342 dico,
1349 3250 1447 3342 quod

270 3364 307 3438 in
333 3365 455 3460 prima
480 3374 585 3460 parte
609 3372 720 3440 autor
745 3365 915 3440 describit
935 3387 1084 3461 poenam
1107 3367 1392 3442 simoniacorum
1411 3369 1448 3442 in

270 3485 453 3580 generali3
472 3497 510 3562 et
529 3487 648 3580 primo
667 3485 918 3580 descripturus
939 3507 1083 3581 poenam
1104 3486 1308 3562 mirabilem
1328 3509 1374 3562 ex
1394 3488 1449 3561 in·

269 3603 482 3700 dignatione
499 3611 536 3679 et
552 3606 609 3678 ira
625 3607 807 3679 exclamat
824 3612 951 3681 contra
972 3606 1202 3701 simoniacos,
1220 3608 1393 3702 incipiens
1410 3597 1446 3699 θ)

270 3745 294 3799 a
320 3724 471 3798 Simone
496 3744 606 3821 mago
630 3724 750 3819 primo
775 3732 908 3798 autore
938 3725 1112 3798 simoniae.
1146 3725 1217 3800 Sed
1248 3734 1448 3821 antequam

269 3843 490 3919 descendam
518 3844 564 3918 ad
578 3837 614 3936 (⁵)
639 3846 754 3919 literae
775 3845 1051 3940 expositionem,
1069 3846 1115 3919 ad
1136 3846 1355 3921 evidentiam
1374 3848 1449 3922 cla-

269 3964 411 4039 riorem
440 3966 523 4038 volo
549 3965 668 4060 primo
695 3985 906 4040 memorare
931 3965 995 4039 tibi
1021 3966 1131 4062 quod,
1157 3966 1252 4039 sicut
1276 3968 1448 4042 scribitur

269 4083 308 4157 in
335 4084 478 4158 actibus
503 4087 766 4180 apostolorum,
793 4086 860 4160 iste
883 4086 1008 4160 Simon
1027 4086 1094 4159 luit
1109 4087 1256 4182 judaeus
1277 4090 1448 4184 ajuven-

270 4210 353 4279 tute
385 4225 452 4278 sua
482 4205 728 4301 philosophus,
754 4208 961 4304 astrologus
991 4214 1028 4281 et
1053 4207 1341 4304 nigromanticus
1368 4232 1448 4285 ma-

334 4418 363 4481 (¹)
379 4419 411 4469 tt.
427 4419 460 4469 dc
470 4420 573 4483 triplici
590 4424 682 4484 specio.
886 4423 913 4485 Γ)
931 4424 962 4474 Ε.
978 4425 1023 4487 qul
1040 4423 1141 4475 confert
1158 4424 1271 4476 multum
1289 4438 1386 4485 cecum,
1403 4425 1448 4475 ibi.

335 4493 362 4558 (⁸)
380 4495 409 4545 a.
428 4510 487 4546 cnm
505 4497 570 4555 aliis.
587 4499 631 4549 ibi.
887 4500 914 4563 Ρ)
931 4501 962 4551 Ε.
978 4501 1131 4564 intiplendo.

333 4570 361 4634 (¹)
378 4575 434 4633 ne,
450 4573 482 4623 ad
499 4574 611 4637 literam,
628 4575 660 4625 ad
675 4576 839 4627 evidentium.
