3450 5580
484 465 622 520 caurus
649 464 805 518 necinus
830 465 959 520 nonus.
1254 457 1300 522 tu

123 631 223 704 nam,
244 610 338 684 sicut
363 631 492 685 omnes
517 609 588 683 alii.
616 611 660 683 Et
684 610 767 684 vide
792 609 891 703 quod
917 611 1087 706 Virgilius
1105 613 1183 686 vult
1202 613 1301 707 quod

119 739 232 805 autor
259 731 476 826 respondeat
502 730 560 804 hic
586 731 624 803 in
649 750 693 804 ea
712 730 830 804 forma
849 752 923 824 qua
940 731 1000 805 ille
1018 733 1164 825 spiritus
1189 733 1302 807 inter-

122 859 321 949 rogaverat
337 845 387 944 (¹),
422 851 507 944 quia
542 851 601 924 ille
637 872 683 925 ex
716 850 958 925 admiratione
991 853 1212 946 repetiverat
1245 852 1300 926 bis

120 974 219 1048 idem
238 973 395 1065 dietum3
414 979 451 1045 et
468 971 517 1043 ita
544 991 642 1044 nunc
668 978 778 1045 autor
795 971 959 1045 similiter
985 992 1031 1045 ex
1057 972 1300 1046 admiratione

121 1094 256 1189 repetit
273 1093 370 1166 idem
388 1092 538 1184 dictum,
563 1092 649 1184 quia
676 1090 783 1163 nimis
809 1091 1001 1166 ridebatur
1026 1093 1093 1165 sibi
1120 1093 1298 1186 mirabile,
1407 1082 1409 1086 ’

120 1214 223 1307 quod
241 1213 302 1286 ille
319 1213 567 1307 interrogatus
585 1211 667 1304 quis
681 1218 812 1285 esseta
833 1213 960 1306 Dante,
981 1213 1240 1307 responderet:
1260 1234 1299 1286 es

121 1341 162 1407 tu
176 1334 258 1428 jam
278 1334 347 1426 bic,
365 1352 405 1406 es
422 1339 461 1404 tu
475 1333 553 1425 jam
573 1331 641 1425 hic,
660 1331 845 1406 Bonilaci?
863 1333 906 1404 Et
931 1334 1031 1426 ponit
1055 1335 1298 1410 obedientiam

120 1475 243 1546 suam,
269 1451 416 1526 dicens:
442 1460 476 1524 et
498 1455 532 1523 io
557 1454 686 1542 rispon'
715 1472 810 1523 come
835 1473 859 1523 a
885 1473 938 1525 nte
960 1457 999 1546 su
1025 1457 1186 1546 impasto,
1212 1454 1299 1549 quia

118 1573 196 1647 dixi
222 1573 323 1665 quod
348 1593 422 1645 non
448 1592 553 1645 eram
581 1571 798 1664 Boniiacius,
825 1578 862 1645 et
894 1573 992 1665 quod
1023 1574 1228 1647 Bonilacius
1253 1573 1299 1647 de

120 1694 177 1768 rei
203 1693 358 1767 veritate
384 1712 457 1765 non
483 1699 563 1766 erat
587 1690 708 1764 adbuc
734 1692 847 1764 satius
868 1683 1015 1784 aeris(²),
1037 1693 1100 1766 sed
1125 1693 1299 1768 continuo

119 1815 204 1909 plus
222 1821 260 1886 et
276 1814 358 1908 plus
375 1812 644 1886 accumulabat.
663 1814 706 1884 ut
720 1812 849 1885 ultimo
867 1812 968 1906 ponit
985 1813 1156 1886 ellectum
1176 1818 1299 1886 osten·-

119 1933 212 2008 dens
239 1931 522 2027 indignationem
551 1938 588 2006 et
614 1931 888 2025 responsionem
915 1931 1022 2025 illius,
1048 1931 1189 2006 dicens:
1211 1954 1299 2023 per-

121 2049 186 2126 cte‘
208 2056 243 2125 to
268 2055 391 2144 spirito
418 2059 510 2124 torsa
535 2055 609 2124 tutti
632 2055 645 2123 t
664 2054 781 2144 picae
807 2051 845 2123 in
870 2052 1014 2147 signum
1043 2053 1107 2125 irae
1134 2060 1170 2126 et
1196 2054 1299 2127 dolo·

120 2173 182 2246 ris.
211 2173 334 2246 Doluit
360 2173 457 2246 enim
484 2172 583 2265 quod
609 2172 676 2246 iste
703 2192 775 2245 non
801 2179 897 2245 esset
917 2172 1133 2266 Bonifatius,
1153 2175 1239 2266 quia
1260 2174 1298 2247 in

120 2293 283 2367 adventu
311 2291 488 2366 eluserat
507 2290 772 2386 cooperiendus
792 2291 913 2385 abeo,
932 2293 1112 2365 utstatim
1134 2293 1296 2388 dicetur3

123 2415 206 2488 ideo
232 2413 340 2487 dicit:
363 2415 427 2505 pot
456 2415 504 2484 mi
538 2415 628 2485 dbse
659 2415 870 2504 sospirundo
900 2433 966 2484 con
992 2434 1074 2484 voce
1098 2415 1136 2485 dt
1154 2417 1298 2504 planto:

121 2539 272 2625 nanque
297 2536 356 2605 cte
387 2554 410 2604 o
440 2553 494 2604 nce
525 2533 694 2604 ricbiedi?
726 2531 830 2623 quasi
856 2531 969 2604 dicat:
997 2552 1113 2623 quare
1139 2533 1230 2625 petis
1256 2542 1298 2605 ut

121 2653 280 2745 loquart
305 2650 393 2745 quid
419 2670 489 2745 ego
515 2651 633 2724 habeo
652 2649 774 2722 lacere
791 2655 928 2743 tecum,
946 2669 1031 2722 cum
1051 2671 1123 2723 non
1141 2650 1296 2724 habeam

120 2772 246 2845 lacere
263 2771 329 2844 nisi
357 2792 442 2844 cum
462 2770 693 2843 simoniacis?
712 2768 840 2843 venisti
862 2775 899 2842 tu
920 2768 1014 2841 sorte
1031 2768 1078 2841 ad
1098 2769 1295 2863 petendum

119 2891 280 2986 primam
309 2896 502 2965 vacantem
517 2893 532 2959 t
547 2879 584 2979 (³)

196 3017 240 3084 Se
270 3013 308 3083 di
337 3030 453 3102 super.
487 3008 558 3080 Ista
591 3013 645 3080 est
675 3007 781 3080 tertia
811 3028 895 3100 pars
927 3009 1120 3103 generalis,
1154 3009 1189 3080 in
1224 3032 1296 3102 qua

119 3133 240 3206 dictus
266 3130 412 3225 spiritus
437 3127 607 3201 describit
626 3147 665 3200 se
683 3133 720 3200 et
736 3126 825 3199 alios
846 3127 1061 3200 simoniacos
1088 3129 1299 3222 praeceden-

120 3261 178 3327 tes
204 3258 243 3325 et
267 3256 463 3343 sequentes
490 3268 588 3321 eum.
617 3247 659 3318 Et
684 3246 803 3340 primo
822 3247 1040 3319 continuans
1066 3267 1105 3320 se
1130 3248 1175 3320 ad
1202 3269 1298 3342 prae-

121 3371 288 3447 cedentia
305 3367 497 3464 respondet
515 3366 561 3439 ad
580 3366 614 3439 id
632 3366 731 3458 quod
751 3372 861 3438 autor
879 3386 990 3459 supra
1009 3367 1116 3440 tacite
1136 3368 1295 3460 petebat,

120 3491 269 3586 quando
295 3489 407 3562 dixit:
434 3509 470 3558 se
491 3489 588 3578 puoi,
604 3489 656 3579 [α’
671 3493 776 3557 mutto
783 3512 798 3577 ;
823 3485 967 3558 volebat
987 3485 1085 3559 enim
1107 3486 1236 3559 audire
1261 3494 1298 3559 et

120 3613 217 3686 seire
241 3611 323 3705 quis
349 3615 467 3700 esset,
494 3613 532 3681 et
559 3606 763 3700 respondet,
781 3605 878 3698 quod
906 3604 971 3677 luit
997 3626 1101 3698 papa,
1125 3605 1174 3678 ita
1199 3604 1297 3698 quod

120 3732 293 3807 describit
318 3752 358 3804 se
383 3751 406 3803 a
432 3748 577 3802 summa
604 3726 788 3821 dignitate,
814 3725 960 3797 dicens:
988 3728 1097 3815 Suppt
1125 3727 1223 3795 clr’io
1245 3725 1299 3816 sui

121 3855 240 3926 vestito
266 3852 323 3923 del
338 3855 581 3939 praemunio,
601 3846 692 3919 idest
709 3843 882 3917 mantello
899 3831 934 3935 (⁴)
954 3843 1063 3936 Petri,
1082 3864 1157 3935 quo
1174 3843 1298 3914 nullus

120 3981 178 4048 est
204 3973 323 4066 major
347 3970 424 4043 sire
450 3967 646 4062 imperialis
675 3965 752 4039 sive
779 3964 921 4060 regalis,
948 3964 1043 4036 inter
1069 3960 1296 4054 christianos,

119 4115 157 4166 se
180 4100 211 4165 tc
236 4094 295 4164 cul
318 4095 456 4162 colunto
476 4089 514 4159 di
529 4107 636 4176 super
653 4087 703 4157 cb'
716 4087 751 4155 io
768 4088 835 4174 siu,
858 4083 959 4176 idest,
977 4083 1006 4154 si
1030 4090 1069 4155 tu
1086 4081 1200 4154 babes
1218 4087 1297 4152 tan-

120 4223 197 4289 tam
223 4210 455 4285 allectionem
482 4204 722 4301 cognoscendi
743 4224 813 4297 me,
832 4207 891 4276 cte
909 4211 944 4276 tu
965 4202 1045 4274 abbi
1058 4193 1146 4293 perd
1164 4204 1199 4272 to
1215 4203 1298 4292 rapo

120 4353 242 4422 corsa,
269 4330 371 4422 idest,
393 4330 421 4401 si
449 4328 497 4401 ob
522 4328 616 4399 banc
643 4344 791 4398 causam
811 4322 1036 4416 assumpsisti
1064 4322 1124 4394 tibi
1153 4331 1294 4397 tanturn

184 4520 211 4581 (¹)
227 4520 253 4570 S.
269 4518 453 4582 interrogabat.
579 4512 606 4572 (Ἴ
624 4517 677 4571 116,
695 4525 756 4562 atre.
888 4508 914 4572 (¹)
932 4514 985 4570 116,
1003 4510 1183 4560 vacationem?

185 4596 213 4660 ι’)
230 4595 261 4646 Ε.
277 4595 403 4645 mantello
420 4593 486 4643 beuti
503 4593 572 4642 Petri
589 4589 707 4653 apostoli,
724 4601 777 4651 quo
793 4590 882 4637 manto
897 4587 986 4636 nuilus
1001 4592 1049 4636 est.
