3450 5580
277 441 323 505 26
670 450 876 504 conauruu
901 449 1053 502 mrnnur

277 603 374 672 totus
399 595 603 671 sordidatus
618 586 655 686 (⁴)
680 616 703 669 a
728 594 847 688 capite
874 613 992 686 usque
1017 593 1063 666 ad
1085 594 1205 688 pedes.
1228 596 1318 670 Dicit
1340 616 1451 692 ergo:

273 737 292 788 c
317 719 390 789 vidi
414 736 462 787 uu
486 717 543 787 cot
565 735 654 806 cupo
678 705 708 786 si
734 716 837 787 tordo
861 716 899 787 di
923 715 1061 803 modu,
1088 720 1234 808 turpem
1269 717 1451 810 capellum

274 836 455 929 habebat3
481 837 540 907 clu
565 855 636 906 oon
656 855 774 925 parca
799 837 828 906 ε’
841 855 905 906 eru
932 835 1022 906 luico
1052 854 1074 905 ο
1100 836 1234 926 clerco,
1261 835 1352 909 idest
1377 857 1453 910 non

273 954 549 1031 discernebatur
560 945 611 1047 (²),
626 962 754 1027 utrum
773 960 869 1028 esset
886 953 1067 1046 sacerdos,
1085 955 1143 1027 vel
1161 954 1346 1048 secularis,
1365 954 1452 1048 quia

273 1075 407 1149 scilicet
421 1065 459 1166 (³)
487 1094 561 1148 non
585 1080 732 1169 poterat
756 1073 871 1171 videri
897 1073 927 1147 si
953 1072 1110 1146 babebat
1135 1074 1283 1167 capillos
1301 1075 1358 1148 vel
1376 1076 1453 1149 cle-

276 1194 401 1267 ricam.
429 1195 501 1268 Per
517 1182 553 1286 (⁴)
582 1195 651 1269 hoc
669 1202 771 1271 notat
788 1193 887 1288 quod
905 1194 972 1267 iste
990 1193 1127 1267 iecerat
1144 1193 1210 1266 sibi
1231 1194 1397 1268 habitum
1416 1194 1452 1268 in

273 1312 494 1407 adulatione,
522 1313 610 1386 nihil
625 1305 662 1405 (⁵)
683 1314 820 1387 sciebat
845 1313 968 1386 dicere
993 1312 1052 1386 vel
1078 1312 1200 1386 iacere
1226 1313 1304 1387 sine
1331 1314 1452 1388 medio

273 1433 507 1526 adulationis;
526 1434 607 1506 ideo
621 1432 671 1505 ita
684 1433 783 1506 visus
801 1439 855 1507 est
872 1433 994 1507 lacere
1012 1432 1092 1507 viro
1109 1433 1278 1528 sapienti:
1298 1441 1335 1508 et
1351 1436 1451 1510 bunc

273 1553 357 1647 vidi,
375 1562 507 1625 mentre
531 1556 567 1625 io
592 1574 693 1625 cerco
718 1543 754 1625 td
778 1548 838 1643 piri
855 1574 922 1625 con
940 1556 962 1624 t'
975 1555 1107 1643 occttio,
1125 1553 1215 1627 idest
1234 1555 1323 1627 dum
1345 1575 1452 1628 scru-

273 1681 373 1748 tarer
398 1674 444 1748 de
469 1695 545 1748 uno
570 1674 694 1767 aliquo
721 1674 800 1747 viro
826 1673 975 1747 notabili
991 1663 1027 1765 (⁶)
1048 1673 1084 1745 in
1111 1674 1178 1746 ista
1204 1673 1345 1748 sentina
1371 1694 1453 1747 sor-

272 1793 467 1868 didacum
494 1795 602 1868 oculo
629 1793 796 1886 mentali,
818 1799 856 1866 et
882 1793 965 1867 licet
992 1792 1087 1865 istud
1114 1792 1333 1866 scrutinium
1350 1793 1452 1867 vide-

272 1921 378 1988 retur
400 1934 604 2008 provocare
621 1933 799 1987 nauseam
818 1913 964 2007 videnti,
984 1920 1108 1987 tamen
1125 1914 1259 1987 animae
1276 1916 1450 1988 humanae

272 2034 360 2107 nibil
397 2041 505 2108 nocet
542 2034 668 2108 videre
702 2038 875 2106 stercora.
908 2033 952 2104 Et
988 2033 1088 2127 ponit
1122 2033 1449 2129 interrogationem

272 2154 369 2228 illius
399 2154 546 2249 spiritus
578 2154 693 2228 adse
725 2153 788 2246 qui
824 2153 981 2228 miratur
1013 2160 1050 2227 et
1080 2155 1332 2248 conqueritur,
1362 2154 1449 2248 quia

273 2280 384 2347 autor
408 2273 489 2367 plus
515 2273 713 2367 respiceret
739 2273 858 2368 ipsum
885 2295 997 2366 quam
1022 2282 1192 2368 caeteros,
1220 2275 1318 2349 unde
1343 2275 1450 2348 dicit:

273 2398 363 2486 quet,
389 2394 524 2468 scilicet
548 2394 709 2486 Alexius,
735 2416 790 2466 me
813 2387 949 2484 torturi,
968 2415 1054 2468 cum
1072 2416 1139 2469 ore
1160 2416 1229 2469 suo
1248 2396 1371 2468 ioetido
1389 2415 1451 2470 re-

273 2515 370 2608 pleto
404 2522 567 2589 stercore
602 2514 832 2608 adulationis,
862 2520 1053 2589 ettamen
1086 2514 1145 2589 bic
1178 2535 1252 2589 non
1286 2516 1450 2609 loquitur

272 2633 476 2727 adulanter,
494 2635 569 2707 imo
590 2634 830 2730 indignanter,
845 2631 974 2726 percite
996 2637 1054 2707 sie'
1068 2641 1103 2706 tu
1127 2627 1158 2707 si
1173 2639 1337 2726 'oporam
1358 2636 1450 2709 idest

273 2753 516 2847 intemperate
547 2753 694 2848 avidus,
726 2756 763 2826 di
794 2756 993 2843 riquardur
1019 2749 1081 2846 piri
1112 2776 1165 2826 me
1197 2758 1257 2826 cte
1289 2758 1339 2845 pli
1366 2759 1450 2828 altri

271 2874 401 2946 bretti?
426 2873 517 2948 idest
541 2873 632 2946 alios
656 2873 865 2958 adulatores
891 2872 1099 2966 inquinatos
1120 2875 1189 2968 bic,
1211 2874 1315 2969 quasi
1333 2874 1448 2948 dicat:

271 2993 329 3066 bic
355 2998 410 3066 est
436 3013 571 3087 magna
597 2991 794 3065 multitudo
813 2993 1047 3066 adulatorum
1070 3000 1108 3068 et
1119 2995 1384 3089 joculatorum,
1403 2995 1449 3070 de

272 3110 405 3204 quibus
431 3117 534 3204 potes
559 3110 733 3205 scribere,
760 3132 834 3185 non
848 3100 885 3203 (⁷)
918 3113 1074 3188 deberes
1104 3135 1241 3209 ponere
1276 3136 1349 3208 me,
1380 3135 1448 3190 nec

272 3230 412 3305 reterre
447 3250 542 3304 nova
577 3229 623 3304 de
657 3251 719 3305 me
749 3231 795 3304 ad
826 3233 1008 3306 mundum
1040 3234 1253 3309 viventium.
1281 3236 1324 3307 Et
1349 3235 1449 3330 ponit

272 3351 545 3444 responsionem
565 3351 686 3425 suiad
711 3352 813 3424 illum
831 3353 1020 3448 assignans
1039 3354 1217 3429 rationem
1241 3378 1369 3451 quare,
1394 3357 1449 3430 di-

271 3488 380 3543 cens:
408 3475 441 3541 et
462 3473 496 3542 t'o
523 3491 547 3543 u
571 3473 632 3561 lut,
654 3473 782 3566 supple
800 3472 980 3566 respondi,
996 3471 1127 3565 percle*
1145 3465 1207 3566 pici
1223 3479 1304 3548 tto
1326 3479 1448 3550 cedato

272 3591 326 3661 coi
349 3592 466 3681 capilli
490 3593 637 3681 usdutti,
660 3589 765 3684 quasi
790 3590 905 3666 dicat:
926 3592 996 3666 vidi
1019 3599 1055 3667 te
1077 3593 1202 3668 vivum
1221 3595 1307 3668 satis
1333 3597 1448 3670 hono-

271 3716 394 3784 ratum
421 3717 457 3784 et
482 3721 655 3786 ornatum
677 3711 841 3807 militem,
861 3713 1030 3806 quamvis
1048 3715 1158 3789 modo
1176 3716 1224 3788 sis
1244 3716 1294 3790 ita
1319 3716 1448 3791 detur-

271 3838 379 3925 patus
404 3831 473 3905 isto
492 3832 588 3926 turpi
606 3832 768 3926 liquore3
795 3833 900 3926 quasi
917 3834 1013 3908 dicat
1030 3842 1154 3908 autor:
1174 3836 1308 3910 idcirco
1326 3837 1447 3931 potius

270 3955 308 4024 te
334 3952 498 4047 respicio,
525 3952 612 4046 quia
637 3953 770 4026 melius
795 3974 944 4047 possum
966 3955 1135 4047 judicare
1149 3945 1187 4047 (⁸)
1212 3956 1259 4030 de
1284 3966 1332 4050 te,
1360 3957 1447 4051 quia

270 4070 393 4144 audivi
420 4077 456 4144 te
481 4072 694 4164 loquentem
721 4073 944 4147 interrivos
973 4073 1023 4147 ita
1053 4074 1248 4169 fastidiose,
1274 4077 1322 4150 ita
1349 4077 1448 4171 quod

334 4267 363 4327 (¹)
380 4267 411 4317 Ε
428 4268 547 4319 smum·
698 4324 705 4345 ‚
946 4273 973 4336 (¹)
989 4273 1014 4324 S·
1032 4275 1238 4340 dignoscebatur.

332 4342 360 4405 (⁸)
377 4343 409 4392 Ε.
425 4345 525 4395 scilicet
540 4345 600 4395 sciri
617 4360 669 4396 non
686 4351 788 4409 poterat
804 4347 825 4397 sl
842 4347 959 4398 babebat.
1333 4337 1345 4356 ⁰

331 4419 358 4482 (·)
375 4421 400 4469 S.
417 4421 527 4484 Propter
544 4423 594 4472 boc
611 4424 771 4474 notat-E.
789 4423 823 4474 Et
839 4437 885 4487 per
902 4425 952 4476 boc
968 4432 1049 4479 notat.

333 4495 361 4559 (Ι)
377 4496 408 4546 Ε.
425 4497 485 4560 quia
501 4497 575 4549 nibil.
944 4501 972 4563 (⁸)
989 4506 1042 4564 ltu,
1060 4505 1150 4556 nobili.

333 4571 360 4634 θ)
376 4573 407 4622 Ε.
425 4587 476 4623 non
493 4574 579 4624 debes.
945 4576 973 4642 (⁸)
988 4579 1019 4630 Ε.
1036 4581 1123 4633 videre
1139 4586 1174 4632 tc.
