3450 5580
606 466 742 521 murus
767 467 923 524 oncruus
948 470 1117 525 ournvus.
1407 462 1451 528 19

273 620 335 686 tur
361 610 524 685 seeundo
555 611 714 706 capitulo
739 612 918 709 Paradisi3
945 621 983 689 et
1012 614 1121 688 dicit:
1144 637 1211 708 per
1236 638 1318 689 core
1342 638 1361 689 c
1381 639 1451 710 per

272 753 393 823 muno,
421 732 511 807 idest
538 732 839 829 magnanimitate
864 742 902 809 et
922 734 1116 830 prudentia
1134 758 1212 811 sua.
1227 779 1277 792 -
1290 741 1366 812 Elli.
1386 739 1451 814 llio

272 859 394 946 autor,
412 853 592 948 descripto
611 855 743 927 lasone
760 855 908 951 egregie
922 849 959 947 (¹)
977 877 999 930 a
1017 855 1245 950 virtuteque
1263 858 1346 931 lecit
1368 881 1449 933 ma-

272 972 407 1068 gnalia,
421 993 519 1046 nunc
536 972 708 1047 describit
725 973 843 1067 ipsum
862 995 884 1048 a
902 974 997 1049 vicio
1014 974 1184 1071 malignae
1199 967 1236 1068 (²)
1255 977 1450 1074 ingratitu-

271 1092 365 1166 dinis
391 1115 504 1187 quam
523 1094 608 1169 iecit
630 1104 757 1170 contra
783 1094 980 1190 lsipbilem;
1001 1104 1038 1170 et
1062 1097 1241 1193 sagaciter
1267 1099 1451 1175 interserit

272 1213 445 1307 pietatem
472 1215 637 1289 mulieris
662 1235 752 1312 erga
787 1223 977 1309 parentem
1004 1239 1128 1310 suum,
1158 1225 1195 1292 et
1224 1219 1449 1314 impietatem

272 1341 494 1408 ceterarum
520 1355 609 1431 erga
635 1356 732 1410 suos.
759 1334 813 1408 Ad
839 1335 944 1409 cuius
971 1335 1023 1410 rei
1049 1336 1224 1410 mirabilis
1245 1337 1450 1435 intelligen-

273 1453 361 1526 tiam
383 1461 439 1528 est
455 1454 618 1529 breviter
635 1454 836 1550 sciendum,
855 1455 953 1548 quod
971 1456 1066 1529 sicut
1078 1455 1200 1530 scribit
1216 1455 1352 1531 Statius
1369 1458 1450 1533 inll

272 1573 329 1645 sui
355 1575 517 1670 majoris,
535 1577 693 1650 Lemnos
718 1586 774 1652 est
799 1576 917 1649 insula
943 1576 980 1648 in
1007 1575 1102 1649 mari
1127 1575 1277 1651 Graeciae
1303 1601 1377 1654 una
1403 1581 1449 1656 de

272 1694 488 1789 cicladibus,
502 1695 603 1789 quod
617 1717 722 1771 mare
739 1696 846 1770 hodie
864 1696 1068 1791 appellatur
1080 1696 1329 1794 Arcipelagus,
1342 1701 1448 1774 ouius

267 1815 372 1905 ‚cives
388 1816 476 1889 olim
495 1815 642 1890 iverunt
662 1822 790 1889 contra
807 1815 1032 1910 provinciam
1054 1816 1217 1890 Thraciae
1242 1818 1308 1891 sibi
1334 1840 1449 1913 oppo-

271 1935 378 2008 sitam
401 1955 487 2008 cum
507 1955 642 2031 magna
659 1935 785 2029 classe,
804 1941 945 2010 etcum
964 1936 1148 2011 stetissent
1166 1957 1232 2031 per
1250 1937 1447 2013 triennium

270 2055 507 2149 pertinaciter
532 2054 788 2150 impugnantes
814 2055 936 2129 hostes
953 2075 1051 2150 suos,
1067 2076 1207 2130 uxores
1224 2077 1356 2131 eorum
1375 2080 1449 2133 non

271 2165 493 2269 poterantt³l
512 2194 575 2248 eos
601 2193 779 2248 revocare
804 2174 956 2247 domum
983 2175 1166 2269 precibus,
1183 2177 1362 2252 blanditiis
1389 2181 1448 2254 vel

272 2296 381 2369 minis
396 2285 452 2388 (⁸);
479 2295 561 2369 ideo
586 2295 734 2369 tandem
760 2295 1058 2370 deliberaverunt
1088 2294 1295 2372 interlicere
1320 2319 1449 2375 omnes

273 2416 426 2491 maritos
443 2423 482 2491 et
499 2417 682 2489 masculos
699 2436 841 2489 earum.
857 2417 900 2488 Et
916 2416 1069 2490 adverte
1086 2417 1185 2510 quod
1201 2419 1295 2491 istud
1309 2419 1376 2493 suit
1393 2421 1450 2494 hi-

272 2536 469 2611 storialiter
494 2557 639 2629 verum,
658 2535 751 2609 siout
767 2535 853 2608 dicit
872 2535 1033 2629 Orosius,
1055 2536 1139 2609 licet
1159 2544 1276 2631 poetae
1299 2538 1447 2635 lingant,

272 2657 370 2751 quod
396 2658 521 2730 Venus
547 2655 739 2729 immiserit
764 2654 873 2727 istum
898 2654 1061 2729 furorem
1081 2655 1116 2727 in
1134 2655 1276 2729 animos
1294 2655 1447 2730 istarum

273 2777 486 2870 mulierum,
501 2775 587 2869 quia
606 2774 672 2848 viri
692 2795 765 2848 non
782 2773 1036 2848 sacrificabant
1054 2775 1197 2869 Veneri,
1213 2776 1310 2868 quod
1331 2783 1448 2850 totum

271 2906 351 2973 erat
370 2917 517 2989 verum,
533 2895 620 2989 quia
637 2894 775 2970 Lemnii
795 2915 867 2969 non
886 2895 1055 2970 colebant
1072 2895 1253 2970 Venerem
1272 2896 1335 2970 sed
1353 2899 1449 2972 Mar·

271 3024 360 3112 lem,
393 3019 480 3111 quia
515 3017 649 3092 scilicet
679 3036 753 3090 non
786 3015 920 3090 dabant
950 3036 1102 3110 operam
1134 3017 1245 3091 rebus
1268 3020 1449 3114 venereis,

271 3139 333 3212 sed
361 3137 473 3212 rebus
498 3135 651 3229 bellicis,
679 3135 761 3209 ideo
787 3135 864 3208 istae
890 3135 1091 3210 famulante
1106 3126 1143 3227 (⁵)
1178 3137 1332 3231 Venere,
1359 3137 1449 3213 idest

271 3258 406 3332 ardore
424 3258 488 3330 irae
504 3263 542 3332 et
559 3254 725 3348 libidinis,
744 3255 830 3349 quia
855 3255 921 3328 viri
942 3276 1073 3329 earum
1092 3276 1166 3330 non
1187 3257 1367 3330 vacabant
1384 3259 1448 3353 eis,

272 3401 340 3456 nec
367 3378 635 3474 respondebant
651 3375 770 3450 amori
788 3375 921 3470 debito,
941 3383 1205 3451 converterunt
1222 3398 1388 3452 amorem
1411 3379 1448 3452 in

273 3500 565 3575 crudelissimum
594 3496 731 3571 odium.
757 3496 849 3569 Nam
877 3495 1034 3570 finaliter
1054 3497 1245 3571 audientes
1263 3499 1361 3591 quod
1379 3499 1448 3573 viri

272 3621 329 3694 sui
356 3619 545 3695 rediebant
559 3607 596 3709 (ὃ)
623 3637 708 3690 cum
732 3615 893 3710 victoria,
908 3615 970 3709 qui
989 3617 1084 3691 forte
1100 3618 1295 3712 portabant
1311 3619 1449 3693 alienas

272 3740 452 3834 loeminas,
479 3735 731 3832 conjuratione
756 3735 851 3808 lacta
877 3741 913 3809 et
948 3735 1076 3809 ordine
1105 3736 1201 3830 dato,
1230 3744 1450 3831 receperunt

272 3862 371 3935 viros
395 3859 566 3932 simulate
591 3876 677 3929 cum
704 3874 840 3950 magno
865 3853 1012 3949 gaudio,
1026 3861 1063 3928 et
1088 3854 1305 3931 adveniente
1330 3862 1449 3951 nocte,

272 3979 350 4054 illos
376 3978 489 4052 lessos
513 3983 551 4052 et
572 3976 732 4070 sepultos
757 3994 888 4048 somno
905 3981 943 4048 et
961 3975 1046 4048 vino
1071 3973 1344 4049 interfecerunt.
1364 3975 1448 4050 Sola

272 4106 398 4174 tanmn
421 4096 563 4192 lsipbile
588 4093 660 4169 tilia
687 4093 784 4190 regis
809 4093 955 4167 'loantis
988 4094 1120 4188 pietate
1153 4101 1252 4169 mota
1288 4095 1450 4190 pepercit

272 4220 368 4315 patri
393 4238 461 4292 suo
476 4206 526 4309 (⁷),
553 4215 722 4308 quierat
748 4233 814 4286 rex
841 4212 980 4308 insulae,
1006 4235 1120 4289 senex
1145 4217 1318 4311 multum,
1337 4224 1375 4291 et
1405 4215 1450 4289 il·

336 4449 364 4510 l'l
381 4448 411 4498 E·
427 4449 540 4511 eutecio·
676 4444 703 4507 t¹l
720 4445 751 4494 E·
769 4443 892 4506 maliano·
1029 4444 1103 4505 (111.
1120 4459 1172 4497 non
1189 4451 1339 4509 potuerunt.

334 4524 363 4587 (⁸)
380 4525 409 4574 ll.
427 4529 504 4587 atquo
521 4524 609 4584 mimo:
627 4524 732 4574 interim
749 4521 863 4572 tandem.
1030 4521 1058 4582 (⁸)
1075 4527 1153 4575 1111
1170 4524 1201 4575 Ε,
1218 4524 1375 4576 stimulam,

335 4599 364 4662 Γ)
380 4599 406 4650 8.
422 4613 438 4650 e
456 4600 487 4650 lt.
504 4601 632 4650 redibant.
1032 4597 1058 4661 [ll
1076 4603 1131 4661 lle,
1148 4613 1196 4651 uuo
1213 4600 1316 4661 Tomtl,
1333 4602 1385 4666 qul.
