3450 5580
272 458 318 522 42
672 467 875 521 conunrun
900 467 1052 520 mnsam

272 613 460 688 vendendo
491 633 586 703 eam,
620 618 657 685 et
687 611 877 706 tyrannice
909 613 1109 688 tractando.
1140 612 1195 686 Ad
1225 613 1444 687 evidentiam

270 735 404 807 horum
422 734 568 828 plenam
583 738 638 806 est
651 731 853 826 sciendum,
868 732 966 825 quod
980 753 1077 805 anno
1091 733 1234 807 Domini
1248 733 1445 808 MCCXClV

270 874 356 927 cum
383 852 585 927 cardinales
603 858 725 926 essent
742 851 779 924 in
797 852 943 925 civitate
963 851 1104 927 Perusii
1132 854 1292 925 multum
1314 854 1446 927 arctati

268 993 291 1046 a
316 974 506 1068 perusinis,
533 973 620 1066 quia
652 971 804 1047 ecclesia
835 973 954 1046 luerat
988 972 1066 1046 sine
1099 979 1246 1067 pastore
1277 974 1446 1067 pluribus

270 1093 414 1167 duobus
444 1093 559 1186 annis,
590 1113 664 1166 non
698 1092 861 1166 valentes
891 1091 1117 1166 concordare
1148 1092 1185 1165 in
1215 1092 1350 1186 aliquo,
1382 1093 1446 1187 qui

271 1221 366 1288 esset
391 1213 437 1288 de
463 1214 633 1309 Collegio,
651 1213 807 1287 finaliter
833 1212 1025 1308 elegerunt
1050 1213 1248 1307 quemdam
1275 1218 1444 1287 sanctum

271 1334 405 1427 virum,
440 1333 503 1426 qui
537 1339 687 1407 vocatus
718 1340 773 1407 est
802 1333 915 1406 lrater
946 1333 1077 1407 Petrus
1108 1333 1154 1408 de
1186 1335 1347 1407 Morono.
1380 1333 1446 1407 llic

271 1460 352 1526 erat
377 1452 423 1527 de
447 1451 617 1546 Apruti03
644 1452 707 1544 qui
734 1473 847 1549 agens
872 1453 1135 1547 poenitentiam,
1160 1453 1334 1527 ordinatis
1363 1454 1446 1547 plu-

272 1572 373 1645 ribus
400 1572 630 1646 monasteriis
666 1572 721 1644 sui
756 1571 902 1665 ordinis
928 1573 993 1646 ivit
1024 1573 1070 1645 ad
1097 1580 1240 1646 montes
1270 1571 1445 1665 Muronis,

271 1711 356 1785 quae
381 1698 578 1766 montanea
603 1699 658 1765 est
682 1713 795 1786 supra
820 1692 1046 1766 Sulmonem.
1074 1694 1144 1766 lste
1170 1700 1322 1766 vocatus
1350 1712 1444 1786 papa

200 1801 203 1805 ¹
270 1811 485 1888 Coelestinus
514 1811 544 1883 ll
583 1811 722 1885 creavit
759 1811 952 1886 duodecim
992 1811 1193 1885 cardinales
1231 1812 1277 1886 de
1318 1831 1446 1885 meuse

270 1931 486 2026 septembris
512 1951 739 2030 pro—magna
769 1938 873 2025 parte
907 1931 1198 2004 ultramontanos
1231 1932 1277 2004 ad
1303 1931 1447 2026 petitio-

273 2072 357 2126 nem
377 2051 496 2125 Caroli
522 2051 571 2143 ll;
590 2069 665 2143 quo
691 2049 786 2126 lacto
811 2050 875 2123 ivit
900 2071 986 2124 cum
1008 2051 1112 2124 curia
1132 2051 1331 2144 Neapolim.
1357 2052 1447 2124 Erat

274 2178 400 2244 autem
439 2171 496 2242 vir
534 2170 703 2264 simplex,
743 2171 949 2265 illiteratus,
984 2171 1150 2244 inhabilis
1184 2172 1329 2264 officio,
1362 2170 1446 2245 ideo

274 2291 465 2385 quaerebat
493 2290 591 2363 riam
625 2310 731 2384 posse
765 2291 978 2366 renuntiare
1008 2292 1165 2386 papatui.
1197 2292 1295 2365 lnter
1325 2291 1445 2365 cardi-

271 2411 373 2483 nales
401 2415 482 2484 erat
515 2410 664 2502 quidam
690 2410 861 2483 dominus
891 2411 1107 2484 Benedictus
1141 2410 1187 2484 de
1219 2411 1360 2484 duania
1392 2411 1447 2484 ci-

272 2530 383 2603 vitate
407 2528 453 2603 de
478 2529 665 2623 provincia
690 2529 909 2624 Campaniae,
936 2531 991 2603 vir
1016 2551 1083 2625 per
1108 2531 1315 2625 oppositum
1343 2536 1445 2603 astu-

272 2650 442 2742 tissimus,
474 2649 639 2722 literatus
671 2649 915 2722 habilissimus
947 2649 993 2722 ad
1027 2670 1273 2743 quaecumque
1309 2670 1444 2745 magna

270 2769 391 2842 officia
408 2776 445 2843 et
464 2769 616 2863 imperia
636 2769 779 2862 mundi,
799 2769 862 2863 qui
882 2790 1029 2843 summe
1046 2769 1241 2843 affectabat
1257 2790 1444 2843 summam

269 2886 492 2984 dignitatem.
520 2888 591 2961 lste
615 2889 795 2983 sagaciter
825 2889 1014 2982 explorata
1045 2891 1233 2964 voluntate
1263 2891 1381 2964 Caroli
1407 2896 1446 2965 61

269 3007 523 3102 cardinalium,
537 3008 600 3101 qui
618 3008 791 3102 optabant
805 3029 933 3083 omnes
952 3016 1098 3084 mutare
1115 3011 1336 3106 pontificem,
1359 3033 1446 3107 per·

271 3127 385 3200 suasit
402 3127 608 3221 Coelestlno,
628 3134 669 3200 ut
686 3127 824 3202 laceret
841 3150 953 3202 unam
981 3129 1214 3224 decretalem,
1239 3131 1338 3224 quod
1359 3131 1444 3226 qui·

271 3247 356 3322 libet
382 3268 475 3341 papa
501 3257 623 3341 posset
652 3248 865 3323 renuntiare
891 3250 1051 3344 papatui,
1077 3252 1248 3344 exemplo
1274 3252 1444 3325 Clemen-

271 3368 315 3441 tis
333 3368 357 3439 1.
385 3368 466 3454 Quo
491 3368 599 3461 lacto,
625 3368 743 3442 dictus
765 3369 980 3443 Coelestinus
1001 3371 1037 3442 in
1063 3370 1154 3443 sesto
1180 3372 1297 3445 beatae
1322 3371 1446 3445 Luciae

270 3487 525 3582 inpraesentia
557 3488 795 3562 cardinalium
827 3490 993 3585 spoliavit
1025 3510 1065 3563 se
1097 3490 1270 3586 dignitate
1300 3491 1446 3586 pontifi-

271 3607 350 3701 cali,
369 3614 406 3680 et
423 3608 631 3682 renuntiato
648 3610 795 3703 papatui
806 3602 855 3704 (¹),
875 3610 1004 3684 redivit
1022 3609 1068 3683 ad
1089 3611 1339 3704 poenitentiam
1357 3633 1444 3686 cum

272 3747 407 3823 magna
431 3727 629 3823 alacritate,
656 3735 850 3824 postquam
886 3731 1031 3805 sederat
1063 3731 1250 3804 mensibus
1280 3733 1445 3826 quinque

270 3846 399 3921 diebus
425 3855 518 3922 octo.
547 3847 616 3922 Sed
634 3857 760 3944 postea
779 3852 986 3924 Bonilacius
1003 3852 1087 3925 lecit
1113 3853 1232 3945 ipsum
1248 3843 1284 3942 (²)
1307 3852 1386 3946 capi
1407 3852 1444 3925 iu

273 3976 396 4042 monte
421 3969 535 4042 sancti
561 3967 687 4065 Angeli
714 3971 751 4043 in
776 3970 905 4065 Apulia
926 3972 963 4043 in
985 3971 1076 4064 locu,
1096 3972 1158 4044 ubi
1175 3963 1211 4063 (⁸)
1234 3971 1446 4065 reduxerat,

271 4097 308 4162 et
332 4088 474 4181 private
499 4090 620 4183 posuit
644 4109 732 4163 eum
764 4091 801 4163 in
832 4112 919 4165 arce
951 4089 1135 4163 Sulmonis
1166 4091 1203 4163 in
1235 4091 1446 4185 Campania,

272 4226 318 4279 ne
344 4206 404 4279 ille
419 4194 454 4297 (⁸)
483 4207 608 4282 vivens
634 4216 755 4303 posset
780 4210 1021 4304 praejudicare
1047 4231 1124 4283 suae
1149 4211 1326 4284 electioni.
1352 4211 1444 4284 llam

273 4323 379 4397 multi
401 4326 585 4399 christiani
603 4330 822 4423 reputabant
840 4329 1077 4403 Coelestinum
1095 4351 1228 4404 verum
1246 4337 1284 4404 et
1301 4336 1444 4404 rectum

335 4514 362 4574 (¹)
377 4512 403 4563 S.
420 4527 435 4563 6
453 4513 483 4562 Ε.
500 4520 603 4577 papalu.
901 4515 929 4579 (¹)
945 4521 999 4576 116,
1016 4531 1031 4566 6
1047 4517 1078 4566 Ε.
1095 4531 1166 4567 eum.

335 4586 361 4648 ι’)
379 4592 433 4650 lto,
450 4589 494 4638 ubi
510 4603 538 4641 se
554 4591 692 4642 reduxerat
707 4594 734 4642 et
749 4592 870 4654 privatim
886 4594 972 4653 posuit
988 4605 1015 4641 se
1031 4593 1058 4641 in
1074 4606 1143 4644 arce.
1230 4590 1256 4652 (¹)
1272 4591 1298 4642 S.
1315 4591 1377 4640 illic.
