3450 5580
458 460 596 519 caurus
621 463 777 520 nncruus
802 464 971 521 ocrlvus.
1260 458 1304 526 13

124 607 256 682 lraude
272 613 406 703 praeter
423 609 684 683 conscientiam
703 610 825 684 fratris
841 612 909 685 sui.
928 612 997 686 Alii
1017 634 1108 689 vero
1125 615 1304 709 dicebant,

124 728 225 823 quod
238 727 357 801 dictus
369 728 531 803 Marcbio
549 728 767 825 incognitus,
785 737 928 806 mutato
945 732 1084 827 babitu,
1102 734 1166 808 ivit
1183 734 1305 809 Bono-

124 849 237 941 niam,
264 855 303 922 et
328 848 466 922 intrans
490 848 643 923 domum
667 849 770 922 istius
787 850 895 925 amici
915 851 985 945 sui,
1002 853 1248 929 manifestavit
1263 875 1304 929 se

124 979 161 1046 et
185 988 339 1043 causam
365 968 422 1041 sui
447 968 636 1042 adventus.
663 969 707 1041 Et
733 968 928 1045 Veneticus
953 974 1123 1065 quamvis
1145 982 1242 1048 esset
1258 975 1304 1050 dc

124 1088 407 1183 l'aocianimicis,
425 1089 577 1164 nescivit
596 1090 780 1184 expellere
803 1090 913 1165 istum
935 1092 1153 1168 familiarem
1181 1095 1304 1168 inimi-

124 1228 222 1282 cum.
251 1208 338 1281 Vult
363 1228 454 1303 ergo
480 1208 674 1282 veneticus
699 1209 822 1284 dicere
848 1231 923 1284 uno
954 1213 1089 1287 verbo:
1125 1214 1302 1309 quidquid

123 1327 280 1421 dicmur,
305 1347 376 1423 ego
405 1326 453 1402 de
486 1327 540 1401 rei
569 1328 725 1403 veritate
756 1328 808 1403 lui
838 1333 1005 1406 conscius
1040 1334 1151 1407 buius
1182 1334 1236 1409 rei
1267 1342 1305 1409 et

123 1447 322 1543 culpabilis.
337 1452 432 1519 -E
454 1468 526 1520 nort
546 1469 619 1541 pur
643 1451 688 1521 io.
715 1449 820 1525 Nunc
842 1450 910 1526 iste
927 1452 1123 1528 Veneticus
1140 1455 1240 1530 venit
1257 1455 1303 1529 ad

122 1567 321 1662 aliqualem
336 1560 374 1658 (¹)
396 1567 671 1643 excusationem
690 1568 764 1663 sui5
787 1571 873 1663 quia
894 1571 1001 1666 culpa
1022 1580 1061 1647 et
1080 1574 1228 1649 infamia
1249 1574 1304 1647 vi-

122 1687 231 1761 detur
257 1686 392 1780 minor,
418 1686 566 1780 quando
592 1693 647 1761 est
673 1693 850 1764 consueta
880 1695 916 1763 et
945 1693 1164 1785 eommunis,
1191 1693 1302 1766 etiam

121 1807 159 1880 in
189 1806 407 1882 enormibus
422 1796 459 1899 (¹)
494 1805 718 1901 criminibus,
749 1807 885 1881 nedum
922 1808 958 1881 in
991 1810 1072 1904 levi,
1105 1812 1216 1905 quale
1248 1819 1303 1885 est

120 1926 344 2002 lenocinium
358 1916 410 2019 (³),
436 1948 454 1999 e
479 1946 551 1998 noo
573 1947 645 2018 pur
660 1987 663 1991 .
677 1929 713 1998 io
743 1927 925 2017 botoqnese
953 1931 1088 2020 pianqo
1113 1933 1185 2021 qui,
1212 1929 1303 2004 idest

120 2045 257 2142 punior
283 2046 320 2119 in
345 2046 413 2119 ista
439 2045 558 2141 prima
575 2046 701 2142 bulgia
726 2046 774 2119 ob
801 2046 898 2121 istud
915 2047 1056 2144 vitium,
1077 2053 1163 2122 anzi
1186 2057 1303 2141 questo

121 2170 236 2257 loono,
263 2165 356 2240 idest
380 2165 449 2240 ista
475 2166 593 2260 prima
612 2166 714 2240 vallis
734 2166 854 2240 maior
879 2173 917 2241 et
941 2169 1109 2264 capacior
1134 2169 1299 2244 caeteris:

120 2285 190 2362 n'e*
213 2294 311 2360 tanto
332 2289 436 2378 piano
465 2287 530 2358 cte.
557 2293 650 2359 tonte
679 2290 794 2378 linque
827 2307 899 2359 non
927 2308 1014 2361 sono
1044 2310 1113 2361 ora
1138 2310 1300 2382 opprese,

120 2407 223 2500 idest,
252 2426 350 2481 nunc
379 2416 474 2501 aptae
502 2412 539 2480 et
571 2406 811 2501 dispositae,a
843 2409 939 2479 dicer
964 2411 1042 2500 sapa
1074 2414 1132 2481 bo
1161 2413 1301 2482 Soanta

120 2532 184 2602 e’l
220 2534 336 2618 Reno,
370 2526 475 2620 quasi
509 2526 622 2621 dicat,
656 2527 743 2620 quia
781 2526 905 2621 plures
939 2533 1025 2600 sunt
1057 2528 1300 2603 bononienses

119 2649 178 2724 bic
208 2648 325 2744 puniti
346 2636 383 2738 (⁸)
413 2646 476 2721 tali
511 2647 607 2740 vitio,
643 2667 755 2740 quam
789 2666 918 2721 omnes
951 2646 1205 2741 bononienses
1236 2647 1300 2740 qui

120 2790 218 2844 nunc
245 2767 374 2842 vivunt
398 2767 581 2841 Bononiae.
609 2766 654 2838 lit
678 2766 737 2839 bic
763 2772 860 2858 nota,
883 2765 982 2859 quod
1002 2765 1114 2859 aliqui
1135 2767 1298 2840 volentes

118 2892 288 2965 eolorare
312 2888 462 2982 lactum,
488 2887 624 2980 dicunt,
652 2885 750 2980 quod
774 2885 884 2960 debet
910 2884 1071 2981 intelligi,
1098 2886 1197 2979 quod
1225 2906 1297 2959 non

117 3015 205 3084 suut
221 3009 347 3103 plures
370 3006 612 3081 bononienses
637 3005 798 3080 dicentes
814 3004 1007 3079 actualiter
1029 3004 1125 3078 istud
1145 3006 1300 3102 vulgare

115 3134 219 3222 tipo,-
246 3134 283 3202 et
314 3137 403 3203 tunc
428 3134 524 3202 esset
548 3148 688 3220 sensus,
714 3125 812 3219 quod
838 3132 958 3199 essent
985 3124 1090 3199 valde
1114 3126 1221 3221 pauci
1247 3125 1301 3200 le-

117 3271 234 3326 nones
259 3249 443 3341 Bononiae,
470 3247 556 3341 quia
586 3247 694 3342 pauci
722 3253 818 3339 sunt,
845 3245 909 3338 qui
929 3237 967 3336 (⁵)
992 3245 1113 3320 dicant
1139 3245 1299 3319 nuncin

117 3393 195 3446 uno
220 3369 367 3442 instanti
392 3368 489 3441 istud
515 3367 737 3441 vocabulum
754 3356 804 3459 (Β).
823 3364 894 3439 Sed
915 3365 983 3439 ista
1003 3385 1077 3438 non
1099 3372 1154 3439 est
1179 3365 1300 3438 inten-

118 3490 172 3564 tio
205 3487 366 3580 autoris3
402 3486 477 3560 imo
507 3485 603 3560 istud
618 3475 654 3577 (⁷)
688 3484 918 3580 participium
950 3506 1098 3578 apprcsc
1128 3484 1214 3558 dicit
1240 3484 1298 3558 bio

117 3610 371 3707 aptitudinem,
399 3613 436 3682 et
461 3627 534 3681 non
560 3612 686 3701 aptum
703 3595 753 3700 (⁸),
785 3606 834 3679 ita
865 3604 963 3698 quod
993 3611 1101 3678 autor
1134 3605 1213 3678 vult
1243 3603 1297 3676 di-

116 3752 216 3824 cere,
253 3729 351 3824 quod
386 3733 438 3803 tot
469 3726 605 3823 linguas
637 3746 711 3799 non
744 3734 829 3800 sunt
862 3743 1038 3815 accensae,
1073 3723 1165 3796 idest
1202 3732 1297 3816 aptae

116 3863 215 3932 nalae
239 3849 287 3924 ad
311 3847 505 3923 dicendum
530 3849 618 3938 sipo.
646 3847 690 3922 Et
715 3844 764 3919 ita
790 3843 955 3939 intelligit
969 3834 1007 3933 (⁹)
1033 3841 1079 3915 de
1104 3840 1297 3932 omnibus3

117 3972 207 4066 quia
224 3980 262 4046 et
279 3969 413 4065 linguae
440 3967 621 4041 infantum
646 3964 864 4040 naturaliter
882 3969 919 4037 et
944 3958 1188 4057 potentialiter
1214 3965 1300 4032 sunt

180 4212 209 4274 (¹)
225 4213 256 4263 Β.
273 4213 305 4262 ad
321 4213 444 4277 aliquam.

178 4287 208 4351 (¹)
225 4289 255 4340 lt.
271 4289 429 4349 enormibus,
447 4293 473 4340 el
488 4290 515 4341 in
531 4289 652 4340 omnibus
667 4287 826 4338 criminibus.

178 4365 209 4427 (¹)
227 4370 281 4429 llo,
298 4366 464 4417 lenocinium.
481 4366 550 4416 llicit
565 4378 647 4429 ergo:
664 4379 677 4415 a
693 4377 745 4414 non
758 4377 819 4427 pur.

179 4441 208 4503 (¹)
223 4441 249 4492 S.
265 4443 309 4505 qul
325 4443 477 4505 puniuntur.
850 4437 877 4499 (⁸)
896 4440 950 4494 llo,
967 4433 1013 4498 qul
1029 4432 1126 4483 dicunt.

179 4517 209 4579 θ)
226 4518 257 4568 B.
273 4518 429 4568 vocabulum
444 4518 509 4582 ripa.
527 4517 577 4568 Sed
594 4522 642 4568 est.
851 4511 918 4576 s'JS.
936 4509 1010 4561 illud.

182 4594 251 4659 (¹)S.
268 4599 363 4646 actum.
850 4587 879 4654 (¹)
896 4594 951 4649 llo,
968 4585 1093 4649 intelligo.
1133 4645 1135 4647 ¹
