3450 5580
522 494 662 549 caurus
687 494 845 549 nncrnns
869 496 999 550 nonus.
1299 484 1344 551 39

168 658 245 733 quo
271 639 442 734 portabat
467 659 540 733 me,
560 642 616 712 sia
642 660 696 711 me
719 643 840 731 pium
866 643 905 713 at
927 645 1033 731 rotto,
1059 640 1150 713 idest
1182 640 1228 714 ad
1258 641 1346 714 illud

168 758 340 832 foramen
370 769 555 853 cavatum,
582 762 620 832 di
649 762 728 850 quel
755 763 815 832 obe
842 763 875 832 si
901 762 1033 850 pinpeo
1057 781 1123 832 con
1150 764 1185 832 la
1210 764 1347 853 clamo,

168 877 262 951 idest
288 877 385 951 illius
410 899 513 973 papae
539 878 673 952 Nicolae
690 871 740 972 (¹),
767 879 830 972 qui
857 878 906 951 ita
932 879 1092 975 agitabat
1123 900 1233 953 crura
1263 901 1349 974 per-

168 999 314 1074 cutiens
339 999 400 1072 illa
425 998 594 1072 invicem.
621 999 724 1073 Unde
742 998 823 1073 vide
841 999 939 1092 quod
965 1000 1154 1073 simoniaci
1172 1001 1350 1096 plangunt

169 1139 259 1192 cum
286 1118 469 1212 cruribus,
487 1119 551 1191 ubi
576 1120 786 1193 adulatores
811 1121 848 1192 in
874 1120 997 1215 bulgla
1023 1121 1243 1213 praecedenti
1269 1122 1349 1216 plo-

171 1238 304 1312 rabant
318 1231 354 1331 (²)
382 1259 469 1312 cum
496 1239 666 1313 manibus
694 1240 940 1334 percutientes
966 1240 1033 1312 sibi
1059 1241 1217 1335 palmas3
1251 1242 1348 1316 unde

170 1358 388 1456 magnitudo
413 1359 548 1433 doloris
564 1360 601 1433 in
618 1360 693 1433 istis
720 1381 792 1434 non
810 1359 1094 1454 deprehenditur
1116 1361 1182 1434 nisi
1204 1382 1250 1436 ex
1271 1361 1349 1458 agi-

171 1480 311 1552 tatione
335 1480 482 1573 pedum.
498 1484 595 1553 -O
619 1485 711 1572 quot.
739 1481 804 1553 llic
834 1487 943 1554 autor
975 1482 1131 1555 ostendit
1162 1483 1349 1576 quomodo

170 1598 358 1673 allocutus
383 1599 493 1673 luerit
519 1599 629 1672 istum
656 1600 837 1693 spiritum,
864 1606 901 1673 et
925 1599 1077 1674 adverte
1103 1602 1213 1695 quale
1238 1622 1349 1676 exor-

170 1720 274 1793 dium
302 1719 397 1813 lacit,
424 1720 511 1814 quia
537 1719 683 1793 nolebat
699 1711 735 1812 (³)
762 1726 911 1814 captare
936 1720 1218 1794 benivolentiam
1247 1721 1349 1795 istius

171 1838 371 1913 sacerdotis
396 1839 602 1934 simoniaci3
631 1840 728 1914 unde
744 1839 848 1916 dicit:
875 1845 916 1913 Io
936 1843 1132 1931 contactui,
1150 1842 1278 1935 supple
1295 1840 1351 1914 di·

170 1980 270 2052 cere,
297 1981 320 2032 o
345 1962 431 2050 qual
453 1962 507 2031 obi
529 1962 592 2051 sie,
619 1960 733 2034 idest:
761 1982 784 2034 o
810 1961 1037 2056 quicumque
1062 1961 1121 2055 sis,
1148 1965 1208 2034 obe
1228 1965 1309 2034 licut
1324 1964 1353 2034 il
1434 1973 1436 1976 ’

171 2082 212 2152 di
235 2100 277 2151 sa
301 2081 339 2151 di
362 2086 463 2170 sotto,
481 2079 572 2153 idest
598 2080 661 2173 qul
679 2080 806 2154 ordine
824 2101 998 2174 perverso
1018 2088 1119 2154 tenes
1137 2088 1246 2175 caput
1264 2102 1350 2175 par-

174 2205 252 2272 tem
282 2198 498 2272 nobiliorem
525 2207 562 2274 et
591 2200 819 2293 superiorem
848 2201 884 2272 in
914 2200 1001 2273 limo
1030 2207 1151 2294 terrae,
1177 2208 1213 2274 et
1239 2199 1349 2295 pedes

173 2325 321 2415 partem
339 2320 505 2395 viliorem
524 2321 734 2395 interiorem
753 2343 902 2395 sursum
920 2328 1048 2395 contra
1069 2323 1226 2415 coelum;
1245 2321 1349 2416 quasi

173 2441 285 2534 dicat,
299 2440 363 2532 qui
381 2461 455 2513 non
471 2441 562 2534 petis
583 2440 649 2514 nisi
669 2447 807 2514 terram
822 2430 873 2536 (⁴),
891 2449 929 2516 et
945 2442 1111 2515 calcitras
1129 2449 1256 2516 contra
1274 2462 1351 2515 coe-

175 2563 266 2654 lum,
285 2559 383 2654 quod
402 2581 606 2653 numquam
627 2560 775 2654 videbis,
793 2564 914 2633 anima
934 2564 1048 2650 trista,
1066 2583 1161 2633 come
1175 2565 1241 2653 pal
1255 2583 1351 2633 com-

176 2701 306 2769 messo,
332 2679 467 2753 scilicet
493 2680 651 2774 plantata
678 2689 715 2754 et
740 2680 812 2752 lina
837 2680 883 2753 ad
909 2680 1063 2753 modurn
1093 2680 1164 2774 pali
1197 2680 1350 2774 fortiter,

176 2800 226 2873 ita
252 2799 352 2893 quod
377 2819 450 2872 non
477 2805 579 2892 potes
608 2799 692 2873 inde
723 2798 854 2892 divelli,
881 2799 943 2873 sed
974 2820 1119 2894 semper
1149 2800 1260 2873 stabis
1290 2799 1352 2893 ibi,

175 2919 293 2992 donec
311 2916 432 2991 veniet
450 2918 554 3011 palus
571 2938 700 3011 novus,
719 2919 783 3011 qui
801 2918 970 2994 detrudet
987 2911 1023 3010 (⁵)
1043 2927 1079 2993 te
1097 2920 1288 2994 decessum
1301 2910 1352 3013 (⁶),

172 3041 226 3132 [α’
239 3042 344 3109 motto
369 3058 406 3108 se
431 3043 466 3108 to
486 3041 582 3128 paoi.
611 3038 687 3110 Hoc
711 3058 779 3130 pro
805 3044 905 3112 tanto
928 3040 1012 3112 dicit
1038 3040 1125 3132 quia
1151 3061 1223 3112 non
1251 3039 1353 3113 vide·

175 3157 288 3230 batur
313 3156 407 3230 bene
433 3155 640 3250 verisimile,
668 3157 765 3250 quod
791 3157 850 3231 ille
876 3166 998 3252 posset
1026 3159 1120 3233 bene
1150 3159 1262 3253 loqui,
1289 3160 1353 3253 qui

177 3275 337 3349 habebat
365 3296 406 3348 os
439 3276 621 3369 repletum
653 3281 763 3369 terra,
790 3277 872 3350 ideo
903 3284 1013 3351 autor
1044 3279 1161 3352 stabat
1193 3280 1352 3351 multum

178 3401 349 3470 attentus.
365 3400 467 3468 -Io
492 3402 605 3467 stava.
628 3395 693 3469 llic
718 3401 827 3470 autor
852 3396 1036 3490 specificat
1053 3420 1158 3471 suam
1180 3419 1354 3494 magnam

179 3516 417 3589 attentionem
450 3535 517 3610 per
548 3536 661 3588 unam
696 3517 1016 3610 comparationem
1049 3519 1264 3592 mirabilem.
1300 3518 1353 3590 Λᾶ

178 3634 287 3709 cuius
316 3634 599 3708 declarationem
625 3634 736 3708 debes
767 3636 999 3712 considerare
1024 3659 1164 3731 casnm,
1190 3639 1254 3731 qui
1287 3636 1355 3710 ali-

179 3754 329 3848 quando
354 3755 529 3851 contingit
547 3755 586 3827 in
605 3754 756 3848 mundo,
774 3755 920 3848 scilicet,
940 3756 1038 3849 quod
1059 3778 1156 3828 nnus
1174 3755 1355 3850 pessimus

180 3874 334 3948 sicarius
360 3875 554 3948 damnatus
580 3895 645 3970 per
666 3874 846 3969 justitiam
873 3876 1114 3969 temporalem
1140 3874 1186 3948 ad
1212 3876 1354 3969 planta-

181 3995 319 4071 tionem
339 3995 513 4089 corporiS,
531 4002 725 4089 postquam
753 4002 807 4069 est
834 3996 970 4090 positus
994 3997 1031 4068 in
1057 3996 1151 4069 fossa
1178 4016 1264 4069 cum
1292 4016 1355 4069 ca-

181 4113 256 4209 pite
280 4113 454 4188 deorsum
480 4120 629 4189 revocat
655 4114 901 4190 consessorem
932 4136 1043 4189 suurn
1070 4123 1111 4188 ut
1137 4115 1357 4190 confiteatur

181 4232 249 4306 sibi
274 4233 412 4327 aliquid
435 4241 640 4328 peccatum,
659 4240 695 4308 et
712 4233 808 4308 dicat
826 4235 893 4307 sibi
910 4235 1048 4328 aliquid
1065 4235 1111 4309 de
1129 4255 1235 4309 novo.
1255 4236 1358 4308 Tunc

247 4445 275 4508 (¹)
290 4447 321 4496 Ε.
339 4461 354 4498 e
371 4452 424 4509 llo,
443 4451 551 4503 Nloolal.
983 4451 1010 4514 (²)
1027 4454 1057 4503 E.
1075 4453 1238 4517 plangebant.

247 4519 274 4584 (⁸)
291 4522 322 4572 Β·
339 4524 449 4575 ῖοῑθῢῑῑ·
982 4529 1008 4592 (·)
1025 4530 1056 4579 Ε.
1074 4534 1187 4579 terrena.

247 4597 275 4662 (¹)
291 4598 322 4649 ll.
338 4600 384 4664 qul
399 4602 517 4654 demittet
533 4609 558 4654 le
574 4604 704 4665 deorsum,
720 4603 852 4667 {a'motlo
982 4606 1009 4669 τ’)
1027 4611 1072 4658 llo
1089 4619 1104 4656 e
1121 4606 1146 4654 S.
1163 4605 1294 4655 deorsum.
