3450 5580
607 454 746 510 CANTUS
772 453 930 508 DECIMUS
954 452 1126 508 OCTAVUS.
1151 509 1154 513 ,
1424 442 1445 507 9

272 598 372 692 quod
386 591 423 691 (¹)
451 597 615 692 undique
639 599 775 673 claudit
800 599 935 672 dictam
958 572 1134 695 bulgiam‚
1153 585 1252 690 tetro,
1274 598 1365 673 idest
1381 597 1449 672 ob-

271 737 437 822 scurum,
456 718 542 812 quia
560 718 669 792 babet
686 719 849 793 colorem
867 718 1135 814 ferrugineum,
1156 725 1199 791 ut
1211 719 1290 813 jam
1308 719 1447 809 dictum

270 844 328 912 est
350 859 373 911 a
400 837 576 932 principio
600 837 759 932 capituli,
785 841 823 911 di
847 849 917 929 quo
943 840 981 911 di
1005 829 1054 928 ld,
1071 837 1164 911 idest
1184 838 1274 911 citra
1292 843 1329 912 et
1350 838 1448 912 ultra

271 957 448 1032 medium.
475 958 519 1030 Et
544 957 664 1030 subdit
690 978 897 1054 aggravans
921 943 1088 1052 poenam:
1107 961 1187 1049 Abi,
1205 958 1297 1032 idest
1321 959 1447 1032 dolen-

271 1083 329 1151 ter
355 1077 610 1170 resero‚.come
634 1077 684 1151 illi
709 1077 906 1171 daemones,
922 1083 1073 1172 saccom
1099 1080 1168 1171 lor,
1191 1079 1327 1153 scilicet
1352 1078 1448 1174 ipsos

270 1195 475 1292 fustigatos,
503 1200 601 1270 levor
626 1200 657 1269 le
681 1198 792 1288 beroe,
806 1197 897 1271 idest
922 1198 1124 1291 calcaneos,
1143 1198 1248 1292 quasi
1268 1198 1375 1292 dicat,
1395 1200 1449 1273 ia-

270 1316 417 1391 ciebant
442 1337 506 1391 eos
532 1322 608 1391 tam
635 1316 808 1391 velociter
835 1338 999 1410 currere,
1018 1317 1116 1411 quod
1135 1338 1208 1391 non
1229 1318 1448 1393 videbantur

271 1442 427 1530 tangere
453 1441 609 1530 terram3
628 1436 727 1530 quod
751 1437 882 1532 probat
898 1436 1041 1511 dicens:
1060 1459 1084 1510 a
1102 1440 1132 1510 le
1142 1442 1259 1530 priam
1272 1459 1448 1531 pereosse,

271 1553 364 1628 idest
389 1554 436 1628 ad
462 1555 581 1650 prima
606 1555 865 1631 baculamenta
882 1563 958 1630 tam
975 1557 1069 1631 dure
1086 1557 1275 1654 impressa,
1292 1552 1354 1650 pid
1370 1581 1450 1632 nes-

269 1695 360 1746 suno
386 1681 567 1766 aspettooa
592 1677 623 1746 le
647 1678 793 1748 secmtde
816 1672 862 1749 ne*
885 1679 916 1749 le
940 1680 1055 1767 tercie,
1077 1678 1181 1770 quasi
1206 1678 1302 1753 dicat
1327 1681 1450 1753 nullus

269 1792 484 1869 retardabat
509 1800 553 1866 ut
576 1794 713 1868 faceret
738 1794 935 1887 aliqualem
962 1796 1232 1891 dispositionem
1249 1789 1298 1891 (²),
1325 1798 1384 1873 vel
1409 1809 1452 1874 ut
1504 1797 1508 1804 '

268 1920 422 2009 rogaret
451 1914 598 1989 veniam
628 1914 687 1988 vel
721 1915 1021 2010 misericordiam,
1053 1917 1147 1990 sicut
1178 1919 1294 1992 solent
1328 1919 1450 1994 facere

270 2036 378 2109 multi
405 2035 551 2130 quando
577 2043 663 2110 sunt
687 2036 902 2131 deprehensi
937 2038 974 2110 in
999 2039 1124 2131 aliquo
1157 2038 1254 2133 sallo,
1281 2040 1368 2133 quia
1400 2039 1451 2112 illi

269 2158 322 2231 ita
348 2157 563 2251 frequenter
578 2147 614 2250 (³)
642 2177 728 2230 cum
756 2158 884 2231 furore
909 2159 1124 2253 repetebant
1144 2160 1238 2233 ictus
1260 2160 1360 2254 quod
1377 2179 1451 2232 non

271 2276 477 2371 potuissent
502 2276 624 2350 facere
641 2297 760 2348 unum
781 2276 957 2370 verbum3
976 2285 1013 2352 et
1038 2279 1068 2351 si
1093 2279 1261 2353 iecissent
1286 2300 1360 2352 non
1385 2299 1452 2373 po-

273 2402 398 2470 terant
422 2394 554 2488 audiri,
568 2395 627 2468 vel
653 2394 801 2490 intelligi
827 2396 874 2469 ab
900 2396 967 2469 illis
989 2397 1090 2470 iratis
1107 2398 1368 2472 fabricantibus
1387 2419 1452 2471 su-

272 2535 341 2611 per
367 2514 520 2589 dorsum
547 2534 669 2587 suum.

349 2638 530 2709 Menta‘io
558 2635 628 2708 lsta
654 2641 709 2708 est
733 2635 893 2710 secunda
918 2656 1003 2729 pars
1028 2635 1220 2731 generalis,
1234 2636 1271 2709 in
1289 2657 1363 2730 qua
1382 2657 1453 2709 au·
1541 2690 1545 2700 .

274 2762 333 2829 tor
358 2754 531 2829 describit
562 2754 684 2829 virum
705 2743 743 2847 (⁶)
774 2754 993 2829 modernum
1026 2754 1243 2828 infamatum
1276 2754 1453 2851 singulari

273 2875 454 2952 lenocinio
480 2874 578 2950 circa
610 2882 778 2970 tempora
802 2874 952 2948 autoris.
984 2874 1037 2947 Ad
1070 2874 1176 2948 cuius
1207 2874 1452 2971 cognitionem

219 3055 222 3058 >
273 3003 330 3071 est
355 2996 556 3089 sciendum,
583 2996 682 3088 quod
708 2995 775 3068 iste
803 2994 870 3067 luit
902 2994 1052 3088 quidam
1084 2995 1187 3069 miles
1219 2995 1453 3069 bononiensis

274 3116 322 3191 de
348 3115 619 3190 Caecianimicis
646 3115 692 3188 de
716 3114 890 3208 Bononia,
926 3115 981 3188 vir
1011 3116 1160 3209 quidem
1194 3115 1334 3208 nobilis,
1364 3115 1455 3189 libe-

278 3235 365 3310 ralis
390 3242 428 3309 et
453 3235 636 3329 placibilis,
663 3234 727 3328 qui
753 3241 921 3328 tempore
946 3254 1014 3307 suo
1045 3235 1113 3307 luit
1137 3234 1243 3309 valde
1268 3234 1454 3328 potensin

274 3355 439 3429 Bononia
465 3355 591 3430 lavore
616 3354 837 3428 marchionis
862 3355 1033 3448 Emensis,
1051 3355 1114 3447 qui
1135 3355 1203 3427 fuit
1227 3357 1302 3427 Azo
1320 3355 1376 3447 ΙΙΙ,
1391 3354 1455 3447 qui

276 3475 387 3571 gessit
412 3495 590 3571 magnum
616 3473 755 3548 bellum
790 3492 876 3545 cum
911 3473 1086 3567 Bononia,
1120 3473 1167 3548 de
1203 3494 1279 3568 quo
1312 3473 1455 3547 dicetur

278 3594 485 3690 Purgatorii
511 3594 669 3688 capitulo
695 3593 745 3685 V;
772 3600 808 3667 et
834 3593 980 3667 tandem
1004 3595 1216 3688 procuravit
1241 3593 1308 3666 sibi
1333 3593 1456 3666 facere

276 3735 451 3810 magnam
473 3721 615 3808 partem
634 3713 670 3785 in
688 3712 862 3806 Bononia,
886 3732 970 3806 quae
995 3719 1126 3787 vocata
1147 3719 1202 3787 est
1218 3713 1265 3786 ob
1283 3714 1353 3784 boc
1370 3730 1456 3804 pars

159 3837 162 3845 ’
277 3835 498 3908 llarcbiana.
535 3835 605 3907 Iste
637 3854 728 3929 ergo
762 3834 877 3925 miles,
912 3832 1060 3906 nomine
1097 3832 1302 3923 veneticus,
1328 3832 1457 3905 habuit

278 3975 395 4028 unam
422 3975 588 4029 sororem
610 3953 883 4049 pulcerrimam‚
905 3974 1017 4044 quam
1040 3951 1214 4027 conduxit
1230 3949 1277 4024 ad
1294 3951 1458 4025 servien-
1521 3965 1523 3970 ’

277 4074 368 4150 dum
402 4074 605 4149 marchioni
638 4073 749 4147 Azoni
782 4073 925 4146 desua
957 4073 1085 4167 pulcra
1114 4077 1351 4166 personant
1382 4071 1457 4145 sor-

278 4193 350 4267 tius
376 4200 653 4287 promereretur
678 4192 836 4289 gratiam
862 4193 960 4286 eius;
986 4192 1067 4267 ideo
1092 4198 1202 4265 autor
1231 4191 1326 4265 bene
1350 4192 1457 4265 solvit

276 4312 345 4387 sibi
371 4313 417 4386 de
443 4313 505 4386 tali
530 4313 689 4387 servitio.
708 4312 762 4386 Ad
779 4313 922 4386 literam
942 4332 1049 4408 ergo;
1071 4311 1156 4385 dicit
1176 4322 1305 4388 autor:
1328 4315 1378 4403 pli
1395 4332 1455 4384 oc-

341 4499 370 4563 (Ἰ
386 4501 418 4551 E.
433 4501 501 4566 qula.
910 4498 937 4561 (Ἰ
956 4502 1009 4557 llo,
1027 4499 1226 4549 excusationem.

341 4576 416 4638 OE.
432 4577 583 4641 frequenter
600 4577 751 4640 repetebant
767 4577 841 4626 ictus.
911 4574 938 4636 (¹)
955 4575 989 4634 S.‚
1007 4574 1037 4625 lt.
1054 4588 1070 4624 e
1087 4579 1141 4635 lle,
1159 4588 1241 4624 unum
1258 4574 1423 4624 modernum.
1475 4591 1478 4595 >
