<?xml version="1.0" encoding="UTF-8"?>
<!DOCTYPE html PUBLIC "-//W3C//DTD XHTML 1.0 Transitional//EN"
    "http://www.w3.org/TR/xhtml1/DTD/xhtml1-transitional.dtd">
<html xmlns="http://www.w3.org/1999/xhtml" xml:lang="en" lang="en">
 <head>
  <title>
</title>
<meta http-equiv="Content-Type" content="text/html;charset=utf-8" />
  <meta name='ocr-system' content='tesseract 3.04.00' />
  <meta name='ocr-capabilities' content='ocr_page ocr_carea ocr_par ocr_line ocrx_word'/>
</head>
<body>
  <div class='ocr_page' id='page_1' title='image "benevenutideram00benvgoog_0019.png"; bbox 0 0 3450 5580; ppageno 0'>
   <div class='ocr_carea' id='block_1_1' title="bbox 411 479 1190 545">
    <p class='ocr_par' dir='ltr' id='par_1_1' title="bbox 411 479 1190 545">
     <span class='ocr_line' id='line_1_1' title="bbox 411 479 1190 545; baseline -0.003 -2"><span class='ocrx_word' id='word_1_1' title='bbox 411 479 432 543; x_wconf 90' lang='lat'>6</span> <span class='ocrx_word' id='word_1_2' title='bbox 808 488 1012 545; x_wconf 81' lang='lat' dir='ltr'><strong>oounnrun</strong></span> <span class='ocrx_word' id='word_1_3' title='bbox 1037 491 1190 543; x_wconf 78' lang='lat' dir='ltr'><strong>mnsam</strong></span> 
     </span>
    </p>
   </div>
   <div class='ocr_carea' id='block_1_2' title="bbox 406 634 1588 3970">
    <p class='ocr_par' dir='ltr' id='par_1_2' title="bbox 406 634 1588 3970">
     <span class='ocr_line' id='line_1_2' title="bbox 409 634 1586 730; baseline 0.001 -24"><span class='ocrx_word' id='word_1_4' title='bbox 409 636 469 706; x_wconf 81' lang='lat' dir='ltr'><strong>cbo</strong></span> <span class='ocrx_word' id='word_1_5' title='bbox 493 637 530 706; x_wconf 89' lang='lat' dir='ltr'><strong>lo</strong></span> <span class='ocrx_word' id='word_1_6' title='bbox 552 637 672 726; x_wconf 74' lang='lat' dir='ltr'><strong>prim</strong></span> <span class='ocrx_word' id='word_1_7' title='bbox 696 636 813 726; x_wconf 71' lang='lat' dir='ltr'><strong>beloto</strong></span> <span class='ocrx_word' id='word_1_8' title='bbox 838 656 902 707; x_wconf 86' lang='lat' dir='ltr'><strong>era</strong></span> <span class='ocrx_word' id='word_1_9' title='bbox 926 637 1066 727; x_wconf 69' lang='lat' dir='ltr'><strong>tapeto,</strong></span> <span class='ocrx_word' id='word_1_10' title='bbox 1084 635 1170 730; x_wconf 86' lang='lat' dir='ltr'><strong>quia</strong></span> <span class='ocrx_word' id='word_1_11' title='bbox 1191 635 1354 709; x_wconf 83' lang='lat' dir='ltr'><strong>maxima</strong></span> <span class='ocrx_word' id='word_1_12' title='bbox 1379 642 1434 709; x_wconf 91' lang='lat' dir='ltr'><strong>est</strong></span> <span class='ocrx_word' id='word_1_13' title='bbox 1459 634 1586 708; x_wconf 83' lang='lat' dir='ltr'><strong>multi-</strong></span> 
     </span>
     <span class='ocr_line' id='line_1_3' title="bbox 408 754 1587 848; baseline 0.001 -21"><span class='ocrx_word' id='word_1_14' title='bbox 408 754 498 828; x_wconf 89' lang='lat' dir='ltr'><strong>tudo</strong></span> <span class='ocrx_word' id='word_1_15' title='bbox 530 754 706 829; x_wconf 93' lang='lat' dir='ltr'><strong>lenonum</strong></span> <span class='ocrx_word' id='word_1_16' title='bbox 737 755 864 830; x_wconf 84' lang='lat' dir='ltr'><strong>talium</strong></span> <span class='ocrx_word' id='word_1_17' title='bbox 896 755 1036 847; x_wconf 88' lang='lat' dir='ltr'><strong>ubique</strong></span> <span class='ocrx_word' id='word_1_18' title='bbox 1068 762 1268 848; x_wconf 84' lang='lat' dir='ltr'><strong>terrarum,</strong></span> <span class='ocrx_word' id='word_1_19' title='bbox 1304 776 1322 827; x_wconf 89' lang='lat' dir='ltr'><strong>e</strong></span> <span class='ocrx_word' id='word_1_20' title='bbox 1354 758 1380 828; x_wconf 88' lang='lat' dir='ltr'><strong>li</strong></span> <span class='ocrx_word' id='word_1_21' title='bbox 1406 760 1587 847; x_wconf 81' lang='lat' dir='ltr'><em>peccatori</em></span> 
     </span>
     <span class='ocr_line' id='line_1_4' title="bbox 408 875 1586 970; baseline -0.002 -20"><span class='ocrx_word' id='word_1_22' title='bbox 408 898 521 950; x_wconf 74' lang='lat' dir='ltr'><strong>acuo</strong></span> <span class='ocrx_word' id='word_1_23' title='bbox 544 879 677 967; x_wconf 74' lang='lat' dir='ltr'><strong>iouudi,</strong></span> <span class='ocrx_word' id='word_1_24' title='bbox 696 875 787 950; x_wconf 87' lang='lat' dir='ltr'><strong>idest</strong></span> <span class='ocrx_word' id='word_1_25' title='bbox 812 875 911 968; x_wconf 84' lang='lat' dir='ltr'><strong>nudi,</strong></span> <span class='ocrx_word' id='word_1_26' title='bbox 929 879 988 948; x_wconf 83' lang='lat' dir='ltr'><strong>acl</strong></span> <span class='ocrx_word' id='word_1_27' title='bbox 1007 878 1129 969; x_wconf 80' lang='lat' dir='ltr'><strong>fondo,</strong></span> <span class='ocrx_word' id='word_1_28' title='bbox 1148 875 1240 950; x_wconf 88' lang='lat' dir='ltr'><strong>idest</strong></span> <span class='ocrx_word' id='word_1_29' title='bbox 1265 875 1302 948; x_wconf 94' lang='lat' dir='ltr'><strong>in</strong></span> <span class='ocrx_word' id='word_1_30' title='bbox 1327 875 1475 970; x_wconf 79' lang='lat' dir='ltr'>planitie</span> <span class='ocrx_word' id='word_1_31' title='bbox 1496 896 1586 950; x_wconf 89' lang='lat' dir='ltr'><strong>eon-</strong></span> 
     </span>
     <span class='ocr_line' id='line_1_5' title="bbox 408 988 1584 1090; baseline -0.004 -19"><span class='ocrx_word' id='word_1_32' title='bbox 408 1016 500 1071; x_wconf 89' lang='lat' dir='ltr'><strong>cava</strong></span> <span class='ocrx_word' id='word_1_33' title='bbox 537 995 646 1070; x_wconf 88' lang='lat' dir='ltr'><strong>buius</strong></span> <span class='ocrx_word' id='word_1_34' title='bbox 684 996 814 1090; x_wconf 79' lang='lat' dir='ltr'><strong>primae</strong></span> <span class='ocrx_word' id='word_1_35' title='bbox 850 995 985 1090; x_wconf 83' lang='lat' dir='ltr'><strong>bulgiae</strong></span> <span class='ocrx_word' id='word_1_36' title='bbox 1001 988 1037 1086; x_wconf 81' lang='lat'><strong>(¹)</strong></span> <span class='ocrx_word' id='word_1_37' title='bbox 1076 1015 1206 1070; x_wconf 90' lang='lat' dir='ltr'><strong>versus</strong></span> <span class='ocrx_word' id='word_1_38' title='bbox 1243 1015 1329 1087; x_wconf 90' lang='lat' dir='ltr'><strong>nos;</strong></span> <span class='ocrx_word' id='word_1_39' title='bbox 1361 995 1443 1069; x_wconf 90' lang='lat' dir='ltr'><strong>ideo</strong></span> <span class='ocrx_word' id='word_1_40' title='bbox 1481 995 1584 1070; x_wconf 90' lang='lat' dir='ltr'><strong>dicit:</strong></span> 
     </span>
     <span class='ocr_line' id='line_1_6' title="bbox 410 1106 1584 1210; baseline 0.003 -22"><span class='ocrx_word' id='word_1_41' title='bbox 410 1137 512 1189; x_wconf 84' lang='lat' dir='ltr'><strong>verso</strong></span> <span class='ocrx_word' id='word_1_42' title='bbox 525 1120 550 1189; x_wconf 86' lang='lat' dir='ltr'><strong>&#39;l</strong></span> <span class='ocrx_word' id='word_1_43' title='bbox 575 1118 687 1208; x_wconf 62' lang='lat' dir='ltr'><strong>volem</strong></span> <span class='ocrx_word' id='word_1_44' title='bbox 712 1121 749 1189; x_wconf 92' lang='lat' dir='ltr'><strong>et</strong></span> <span class='ocrx_word' id='word_1_45' title='bbox 773 1115 831 1188; x_wconf 90' lang='lat' dir='ltr'><strong>isti</strong></span> <span class='ocrx_word' id='word_1_46' title='bbox 857 1121 962 1189; x_wconf 87' lang='lat' dir='ltr'><strong>erant</strong></span> <span class='ocrx_word' id='word_1_47' title='bbox 988 1116 1148 1210; x_wconf 91' lang='lat' dir='ltr'><strong>lenones,</strong></span> <span class='ocrx_word' id='word_1_48' title='bbox 1167 1138 1185 1189; x_wconf 90' lang='lat' dir='ltr'><strong>e</strong></span> <span class='ocrx_word' id='word_1_49' title='bbox 1202 1118 1240 1189; x_wconf 82' lang='lat' dir='ltr'><strong>di</strong></span> <span class='ocrx_word' id='word_1_50' title='bbox 1256 1106 1305 1207; x_wconf 83' lang='lat' dir='ltr'><strong>ld,</strong></span> <span class='ocrx_word' id='word_1_51' title='bbox 1323 1115 1414 1190; x_wconf 86' lang='lat' dir='ltr'><strong>idest</strong></span> <span class='ocrx_word' id='word_1_52' title='bbox 1438 1117 1533 1191; x_wconf 89' lang='lat' dir='ltr'><strong>ultra</strong></span> <span class='ocrx_word' id='word_1_53' title='bbox 1547 1109 1584 1207; x_wconf 78' lang='lat'><strong>(²)</strong></span> 
     </span>
     <span class='ocr_line' id='line_1_7' title="bbox 409 1235 1588 1332; baseline 0.001 -22"><span class='ocrx_word' id='word_1_54' title='bbox 409 1237 572 1312; x_wconf 94' lang='lat' dir='ltr'><strong>medium</strong></span> <span class='ocrx_word' id='word_1_55' title='bbox 599 1235 733 1330; x_wconf 85' lang='lat' dir='ltr'><strong>bulgiae</strong></span> <span class='ocrx_word' id='word_1_56' title='bbox 750 1235 862 1330; x_wconf 78' lang='lat' dir='ltr'><strong>ibant,</strong></span> <span class='ocrx_word' id='word_1_57' title='bbox 880 1244 946 1308; x_wconf 85' lang='lat' dir='ltr'><strong>coa</strong></span> <span class='ocrx_word' id='word_1_58' title='bbox 962 1239 1036 1327; x_wconf 80' lang='lat' dir='ltr'><strong>noi,</strong></span> <span class='ocrx_word' id='word_1_59' title='bbox 1055 1236 1141 1330; x_wconf 92' lang='lat' dir='ltr'><strong>quia</strong></span> <span class='ocrx_word' id='word_1_60' title='bbox 1159 1236 1295 1312; x_wconf 86' lang='lat' dir='ltr'><strong>scilieet</strong></span> <span class='ocrx_word' id='word_1_61' title='bbox 1311 1237 1485 1311; x_wconf 89' lang='lat' dir='ltr'><strong>tenebant</strong></span> <span class='ocrx_word' id='word_1_62' title='bbox 1503 1258 1588 1332; x_wconf 90' lang='lat' dir='ltr'><strong>spa-</strong></span> 
     </span>
     <span class='ocr_line' id='line_1_8' title="bbox 409 1354 1587 1449; baseline -0.001 -20"><span class='ocrx_word' id='word_1_63' title='bbox 409 1357 506 1430; x_wconf 88' lang='lat' dir='ltr'><strong>tulas</strong></span> <span class='ocrx_word' id='word_1_64' title='bbox 531 1376 655 1430; x_wconf 90' lang='lat' dir='ltr'><strong>versas</strong></span> <span class='ocrx_word' id='word_1_65' title='bbox 680 1354 795 1447; x_wconf 88' lang='lat' dir='ltr'><strong>nobis,</strong></span> <span class='ocrx_word' id='word_1_66' title='bbox 813 1355 861 1428; x_wconf 89' lang='lat' dir='ltr'><strong>ita</strong></span> <span class='ocrx_word' id='word_1_67' title='bbox 888 1354 988 1448; x_wconf 86' lang='lat' dir='ltr'><strong>quod</strong></span> <span class='ocrx_word' id='word_1_68' title='bbox 1013 1355 1114 1429; x_wconf 85' lang='lat' dir='ltr'><strong>ibant</strong></span> <span class='ocrx_word' id='word_1_69' title='bbox 1138 1356 1233 1429; x_wconf 87' lang='lat' dir='ltr'><strong>siout</strong></span> <span class='ocrx_word' id='word_1_70' title='bbox 1251 1377 1328 1449; x_wconf 88' lang='lat' dir='ltr'><strong>nos,</strong></span> <span class='ocrx_word' id='word_1_71' title='bbox 1347 1362 1383 1430; x_wconf 90' lang='lat' dir='ltr'><strong>et</strong></span> <span class='ocrx_word' id='word_1_72' title='bbox 1405 1356 1462 1429; x_wconf 89' lang='lat' dir='ltr'><strong>isti</strong></span> <span class='ocrx_word' id='word_1_73' title='bbox 1480 1363 1587 1431; x_wconf 88' lang='lat' dir='ltr'><strong>erant</strong></span> 
     </span>
     <span class='ocr_line' id='line_1_9' title="bbox 409 1474 1587 1570; baseline 0.001 -21"><span class='ocrx_word' id='word_1_74' title='bbox 409 1475 622 1570; x_wconf 79' lang='lat' dir='ltr'><strong>deceptores</strong></span> <span class='ocrx_word' id='word_1_75' title='bbox 647 1474 846 1549; x_wconf 86' lang='lat' dir='ltr'><strong>mulierum</strong></span> <span class='ocrx_word' id='word_1_76' title='bbox 873 1496 940 1569; x_wconf 89' lang='lat' dir='ltr'><strong>pro</strong></span> <span class='ocrx_word' id='word_1_77' title='bbox 965 1495 1017 1569; x_wconf 85' lang='lat' dir='ltr'><strong>se,</strong></span> <span class='ocrx_word' id='word_1_78' title='bbox 1036 1481 1073 1549; x_wconf 90' lang='lat' dir='ltr'><strong>et</strong></span> <span class='ocrx_word' id='word_1_79' title='bbox 1090 1475 1191 1550; x_wconf 90' lang='lat' dir='ltr'><strong>dicit:</strong></span> <span class='ocrx_word' id='word_1_80' title='bbox 1211 1498 1270 1549; x_wconf 85' lang='lat' dir='ltr'><strong>ma</strong></span> <span class='ocrx_word' id='word_1_81' title='bbox 1287 1497 1353 1550; x_wconf 84' lang='lat' dir='ltr'><strong>con</strong></span> <span class='ocrx_word' id='word_1_82' title='bbox 1364 1481 1467 1569; x_wconf 77' lang='lat' dir='ltr'><strong>pasci</strong></span> <span class='ocrx_word' id='word_1_83' title='bbox 1483 1498 1587 1568; x_wconf 73' lang='lat' dir='ltr'><strong>mao-</strong></span> 
     </span>
     <span class='ocr_line' id='line_1_10' title="bbox 409 1585 1587 1691; baseline 0.003 -25"><span class='ocrx_word' id='word_1_84' title='bbox 409 1597 515 1685; x_wconf 67' lang='lat' dir='ltr'><strong>omri,</strong></span> <span class='ocrx_word' id='word_1_85' title='bbox 542 1595 645 1689; x_wconf 83' lang='lat' dir='ltr'>quasi</span> <span class='ocrx_word' id='word_1_86' title='bbox 670 1594 766 1669; x_wconf 81' lang='lat' dir='ltr'><strong>dicat</strong></span> <span class='ocrx_word' id='word_1_87' title='bbox 780 1585 842 1686; x_wconf 56' lang='grc' dir='ltr'><strong>(ἥς</strong></span> <span class='ocrx_word' id='word_1_88' title='bbox 868 1595 967 1669; x_wconf 88' lang='lat' dir='ltr'><strong>ibant</strong></span> <span class='ocrx_word' id='word_1_89' title='bbox 992 1595 1155 1669; x_wconf 85' lang='lat' dir='ltr'><strong>velocius</strong></span> <span class='ocrx_word' id='word_1_90' title='bbox 1180 1617 1293 1690; x_wconf 87' lang='lat' dir='ltr'><strong>quam</strong></span> <span class='ocrx_word' id='word_1_91' title='bbox 1315 1617 1393 1690; x_wconf 79' lang='lat' dir='ltr'><strong>noe,</strong></span> <span class='ocrx_word' id='word_1_92' title='bbox 1412 1597 1500 1691; x_wconf 88' lang='lat' dir='ltr'><strong>quia</strong></span> <span class='ocrx_word' id='word_1_93' title='bbox 1520 1617 1587 1670; x_wconf 91' lang='lat' dir='ltr'><strong>nos</strong></span> 
     </span>
     <span class='ocr_line' id='line_1_11' title="bbox 410 1713 1586 1811; baseline 0.001 -23"><span class='ocrx_word' id='word_1_94' title='bbox 410 1713 554 1788; x_wconf 81' lang='lat' dir='ltr'><strong>ibamus</strong></span> <span class='ocrx_word' id='word_1_95' title='bbox 580 1716 677 1789; x_wconf 89' lang='lat' dir='ltr'><strong>lente</strong></span> <span class='ocrx_word' id='word_1_96' title='bbox 702 1735 768 1810; x_wconf 89' lang='lat' dir='ltr'><strong>per</strong></span> <span class='ocrx_word' id='word_1_97' title='bbox 793 1724 942 1809; x_wconf 89' lang='lat' dir='ltr'><strong>pontem</strong></span> <span class='ocrx_word' id='word_1_98' title='bbox 973 1714 1051 1788; x_wconf 90' lang='lat' dir='ltr'><strong>sine</strong></span> <span class='ocrx_word' id='word_1_99' title='bbox 1080 1736 1189 1809; x_wconf 85' lang='lat' dir='ltr'><strong>poena</strong></span> <span class='ocrx_word' id='word_1_100' title='bbox 1217 1721 1389 1811; x_wconf 83' lang='lat' dir='ltr'><strong>urgente3</strong></span> <span class='ocrx_word' id='word_1_101' title='bbox 1421 1715 1469 1789; x_wconf 93' lang='lat' dir='ltr'><strong>illi</strong></span> <span class='ocrx_word' id='word_1_102' title='bbox 1495 1736 1586 1790; x_wconf 88' lang='lat' dir='ltr'><strong>vero</strong></span> 
     </span>
     <span class='ocr_line' id='line_1_12' title="bbox 408 1823 1588 1930; baseline -0.001 -21"><span class='ocrx_word' id='word_1_103' title='bbox 408 1834 607 1909; x_wconf 86' lang='lat' dir='ltr'><strong>currebant</strong></span> <span class='ocrx_word' id='word_1_104' title='bbox 633 1834 844 1908; x_wconf 74' lang='lat' dir='ltr'><strong>festinanter</strong></span> <span class='ocrx_word' id='word_1_105' title='bbox 879 1854 945 1929; x_wconf 90' lang='lat' dir='ltr'><strong>per</strong></span> <span class='ocrx_word' id='word_1_106' title='bbox 975 1834 1107 1907; x_wconf 85' lang='lat' dir='ltr'><strong>vallem</strong></span> <span class='ocrx_word' id='word_1_107' title='bbox 1143 1834 1290 1930; x_wconf 90' lang='lat' dir='ltr'><strong>impulsi</strong></span> <span class='ocrx_word' id='word_1_108' title='bbox 1306 1823 1342 1927; x_wconf 54' lang='grc' dir='ltr'><strong>(ἢ</strong></span> <span class='ocrx_word' id='word_1_109' title='bbox 1371 1836 1588 1911; x_wconf 89' lang='lat' dir='ltr'><strong>verberibus</strong></span> 
     </span>
     <span class='ocr_line' id='line_1_13' title="bbox 408 1954 1586 2049; baseline 0.001 -21"><span class='ocrx_word' id='word_1_110' title='bbox 408 1954 688 2028; x_wconf 81' lang='lat' dir='ltr'><strong>daemoniorum.</strong></span> <span class='ocrx_word' id='word_1_111' title='bbox 703 1994 752 2007; x_wconf 91' lang='lat'>-</span> <span class='ocrx_word' id='word_1_112' title='bbox 766 1958 877 2027; x_wconf 83' lang='lat' dir='ltr'><strong>Come.</strong></span> <span class='ocrx_word' id='word_1_113' title='bbox 905 1954 970 2027; x_wconf 90' lang='lat' dir='ltr'><strong>Hie</strong></span> <span class='ocrx_word' id='word_1_114' title='bbox 995 1961 1104 2027; x_wconf 85' lang='lat' dir='ltr'><strong>autor</strong></span> <span class='ocrx_word' id='word_1_115' title='bbox 1121 1955 1277 2049; x_wconf 81' lang='lat' dir='ltr'><strong>explicat</strong></span> <span class='ocrx_word' id='word_1_116' title='bbox 1295 1956 1447 2030; x_wconf 91' lang='lat' dir='ltr'><strong>modum</strong></span> <span class='ocrx_word' id='word_1_117' title='bbox 1474 1956 1586 2030; x_wconf 92' lang='lat' dir='ltr'><strong>eundi</strong></span> 
     </span>
     <span class='ocr_line' id='line_1_14' title="bbox 409 2073 1587 2168; baseline 0.002 -21"><span class='ocrx_word' id='word_1_118' title='bbox 409 2073 555 2148; x_wconf 84' lang='lat' dir='ltr'><strong>obviam</strong></span> <span class='ocrx_word' id='word_1_119' title='bbox 582 2095 648 2168; x_wconf 90' lang='lat' dir='ltr'><strong>per</strong></span> <span class='ocrx_word' id='word_1_120' title='bbox 672 2094 786 2147; x_wconf 91' lang='lat' dir='ltr'><strong>unam</strong></span> <span class='ocrx_word' id='word_1_121' title='bbox 813 2074 972 2148; x_wconf 89' lang='lat' dir='ltr'><strong>nobilem</strong></span> <span class='ocrx_word' id='word_1_122' title='bbox 991 2075 1316 2168; x_wconf 81' lang='lat' dir='ltr'><strong>comparationem.</strong></span> <span class='ocrx_word' id='word_1_123' title='bbox 1335 2075 1388 2149; x_wconf 79' lang='lat' dir='ltr'><strong>Ad</strong></span> <span class='ocrx_word' id='word_1_124' title='bbox 1406 2076 1512 2150; x_wconf 88' lang='lat' dir='ltr'><strong>cuius</strong></span> <span class='ocrx_word' id='word_1_125' title='bbox 1529 2076 1587 2149; x_wconf 94' lang='lat' dir='ltr'><strong>in-</strong></span> 
     </span>
     <span class='ocr_line' id='line_1_15' title="bbox 411 2193 1587 2291; baseline 0.001 -22"><span class='ocrx_word' id='word_1_126' title='bbox 411 2193 648 2291; x_wconf 84' lang='lat' dir='ltr'><strong>telligentiam</strong></span> <span class='ocrx_word' id='word_1_127' title='bbox 666 2194 804 2267; x_wconf 85' lang='lat' dir='ltr'><strong>claram</strong></span> <span class='ocrx_word' id='word_1_128' title='bbox 823 2199 876 2267; x_wconf 90' lang='lat' dir='ltr'><strong>est</strong></span> <span class='ocrx_word' id='word_1_129' title='bbox 894 2194 1055 2271; x_wconf 89' lang='lat' dir='ltr'><strong>breviter</strong></span> <span class='ocrx_word' id='word_1_130' title='bbox 1073 2194 1262 2268; x_wconf 85' lang='lat' dir='ltr'><strong>sciendum</strong></span> <span class='ocrx_word' id='word_1_131' title='bbox 1280 2196 1379 2290; x_wconf 87' lang='lat' dir='ltr'><strong>quod</strong></span> <span class='ocrx_word' id='word_1_132' title='bbox 1399 2197 1436 2269; x_wconf 93' lang='lat' dir='ltr'><strong>in</strong></span> <span class='ocrx_word' id='word_1_133' title='bbox 1456 2197 1587 2289; x_wconf 85' lang='lat' dir='ltr'>MCCC,</span> 
     </span>
     <span class='ocr_line' id='line_1_16' title="bbox 410 2312 1588 2411; baseline 0.002 -23"><span class='ocrx_word' id='word_1_134' title='bbox 410 2313 448 2388; x_wconf 91' lang='lat' dir='ltr'><strong>in</strong></span> <span class='ocrx_word' id='word_1_135' title='bbox 484 2335 559 2409; x_wconf 83' lang='lat' dir='ltr'><strong>quo</strong></span> <span class='ocrx_word' id='word_1_136' title='bbox 596 2334 693 2388; x_wconf 93' lang='lat' dir='ltr'><strong>anno</strong></span> <span class='ocrx_word' id='word_1_137' title='bbox 730 2319 841 2386; x_wconf 89' lang='lat' dir='ltr'><strong>antor</strong></span> <span class='ocrx_word' id='word_1_138' title='bbox 876 2312 1023 2407; x_wconf 86' lang='lat' dir='ltr'><strong>incoepil</strong></span> <span class='ocrx_word' id='word_1_139' title='bbox 1064 2313 1159 2387; x_wconf 92' lang='lat' dir='ltr'><strong>istud</strong></span> <span class='ocrx_word' id='word_1_140' title='bbox 1201 2315 1323 2389; x_wconf 89' lang='lat' dir='ltr'><strong>nobile</strong></span> <span class='ocrx_word' id='word_1_141' title='bbox 1356 2336 1459 2410; x_wconf 77' lang='lat' dir='ltr'><strong>cone,</strong></span> <span class='ocrx_word' id='word_1_142' title='bbox 1494 2337 1588 2411; x_wconf 90' lang='lat' dir='ltr'><strong>papa</strong></span> 
     </span>
     <span class='ocr_line' id='line_1_17' title="bbox 409 2432 1587 2530; baseline 0 -22"><span class='ocrx_word' id='word_1_143' title='bbox 409 2435 615 2508; x_wconf 77' lang='lat' dir='ltr'><strong>Bonifatius</strong></span> <span class='ocrx_word' id='word_1_144' title='bbox 641 2432 727 2526; x_wconf 87' lang='lat' dir='ltr'><strong>Viti,</strong></span> <span class='ocrx_word' id='word_1_145' title='bbox 760 2439 847 2506; x_wconf 89' lang='lat' dir='ltr'><strong>tunc</strong></span> <span class='ocrx_word' id='word_1_146' title='bbox 886 2432 1015 2506; x_wconf 88' lang='lat' dir='ltr'><strong>sedens</strong></span> <span class='ocrx_word' id='word_1_147' title='bbox 1057 2432 1095 2505; x_wconf 96' lang='lat' dir='ltr'><strong>in</strong></span> <span class='ocrx_word' id='word_1_148' title='bbox 1129 2433 1215 2507; x_wconf 91' lang='lat' dir='ltr'><strong>sede</strong></span> <span class='ocrx_word' id='word_1_149' title='bbox 1245 2435 1355 2529; x_wconf 88' lang='lat' dir='ltr'><strong>Petri,</strong></span> <span class='ocrx_word' id='word_1_150' title='bbox 1389 2435 1487 2508; x_wconf 83' lang='lat' dir='ltr'><strong>dedit</strong></span> <span class='ocrx_word' id='word_1_151' title='bbox 1520 2455 1587 2530; x_wconf 84' lang='lat' dir='ltr'><strong>ge-</strong></span> 
     </span>
     <span class='ocr_line' id='line_1_18' title="bbox 409 2552 1587 2649; baseline -0.002 -20"><span class='ocrx_word' id='word_1_152' title='bbox 409 2557 574 2630; x_wconf 89' lang='lat' dir='ltr'><strong>neralem</strong></span> <span class='ocrx_word' id='word_1_153' title='bbox 608 2552 867 2649; x_wconf 82' lang='lat' dir='ltr'><strong>indulgentiam</strong></span> <span class='ocrx_word' id='word_1_154' title='bbox 902 2558 1137 2646; x_wconf 86' lang='lat' dir='ltr'><strong>peecatorum</strong></span> <span class='ocrx_word' id='word_1_155' title='bbox 1172 2554 1209 2626; x_wconf 92' lang='lat' dir='ltr'><strong>in</strong></span> <span class='ocrx_word' id='word_1_156' title='bbox 1238 2554 1344 2648; x_wconf 89' lang='lat' dir='ltr'><strong>urbe,</strong></span> <span class='ocrx_word' id='word_1_157' title='bbox 1378 2555 1423 2629; x_wconf 96' lang='lat' dir='ltr'><strong>ad</strong></span> <span class='ocrx_word' id='word_1_158' title='bbox 1461 2576 1587 2649; x_wconf 84' lang='lat' dir='ltr'><strong>quam,</strong></span> 
     </span>
     <span class='ocr_line' id='line_1_19' title="bbox 411 2671 1584 2765; baseline -0.003 -14"><span class='ocrx_word' id='word_1_159' title='bbox 411 2676 505 2751; x_wconf 89' lang='lat' dir='ltr'><strong>siout</strong></span> <span class='ocrx_word' id='word_1_160' title='bbox 530 2673 687 2748; x_wconf 90' lang='lat' dir='ltr'><strong>vidimus</strong></span> <span class='ocrx_word' id='word_1_161' title='bbox 707 2673 744 2745; x_wconf 94' lang='lat' dir='ltr'><strong>in</strong></span> <span class='ocrx_word' id='word_1_162' title='bbox 764 2671 921 2765; x_wconf 76' lang='lat' dir='ltr'><strong>necet,</strong></span> <span class='ocrx_word' id='word_1_163' title='bbox 940 2673 1104 2746; x_wconf 85' lang='lat' dir='ltr'><strong>cucurrit</strong></span> <span class='ocrx_word' id='word_1_164' title='bbox 1130 2673 1291 2748; x_wconf 83' lang='lat' dir='ltr'><strong>maxima</strong></span> <span class='ocrx_word' id='word_1_165' title='bbox 1317 2674 1514 2748; x_wconf 90' lang='lat' dir='ltr'><strong>multitudo</strong></span> <span class='ocrx_word' id='word_1_166' title='bbox 1539 2695 1584 2748; x_wconf 89' lang='lat' dir='ltr'><strong>ex</strong></span> 
     </span>
     <span class='ocr_line' id='line_1_20' title="bbox 410 2790 1588 2886; baseline -0.003 -15"><span class='ocrx_word' id='word_1_167' title='bbox 410 2794 581 2871; x_wconf 92' lang='lat' dir='ltr'><strong>omnibus</strong></span> <span class='ocrx_word' id='word_1_168' title='bbox 607 2790 818 2886; x_wconf 85' lang='lat' dir='ltr'><strong>regionibus</strong></span> <span class='ocrx_word' id='word_1_169' title='bbox 850 2797 887 2863; x_wconf 92' lang='lat' dir='ltr'><strong>et</strong></span> <span class='ocrx_word' id='word_1_170' title='bbox 916 2790 1123 2864; x_wconf 87' lang='lat' dir='ltr'><strong>nationibus</strong></span> <span class='ocrx_word' id='word_1_171' title='bbox 1149 2792 1399 2867; x_wconf 86' lang='lat' dir='ltr'><strong>obedientibus</strong></span> <span class='ocrx_word' id='word_1_172' title='bbox 1424 2794 1588 2867; x_wconf 86' lang='lat' dir='ltr'><strong>ecclesiae</strong></span> 
     </span>
     <span class='ocr_line' id='line_1_21' title="bbox 410 2909 1586 3009; baseline -0.003 -20"><span class='ocrx_word' id='word_1_173' title='bbox 410 2934 584 2989; x_wconf 72' lang='lat' dir='ltr'><strong>romanae.</strong></span> <span class='ocrx_word' id='word_1_174' title='bbox 613 2910 716 2985; x_wconf 93' lang='lat' dir='ltr'><strong>Unde</strong></span> <span class='ocrx_word' id='word_1_175' title='bbox 746 2916 895 3004; x_wconf 91' lang='lat' dir='ltr'><strong>propter</strong></span> <span class='ocrx_word' id='word_1_176' title='bbox 925 2909 1074 2984; x_wconf 93' lang='lat' dir='ltr'><strong>nimiam</strong></span> <span class='ocrx_word' id='word_1_177' title='bbox 1110 2933 1322 3005; x_wconf 87' lang='lat' dir='ltr'><strong>pressuram</strong></span> <span class='ocrx_word' id='word_1_178' title='bbox 1353 2912 1518 3009; x_wconf 86' lang='lat' dir='ltr'><strong>gentium</strong></span> <span class='ocrx_word' id='word_1_179' title='bbox 1550 2913 1586 2985; x_wconf 93' lang='lat' dir='ltr'><strong>in</strong></span> 
     </span>
     <span class='ocr_line' id='line_1_22' title="bbox 408 3029 1587 3127; baseline 0.002 -21"><span class='ocrx_word' id='word_1_180' title='bbox 408 3033 563 3108; x_wconf 86' lang='lat' dir='ltr'><strong>transitu</strong></span> <span class='ocrx_word' id='word_1_181' title='bbox 590 3029 707 3126; x_wconf 84' lang='lat' dir='ltr'><strong>pontis</strong></span> <span class='ocrx_word' id='word_1_182' title='bbox 732 3050 844 3124; x_wconf 89' lang='lat' dir='ltr'><strong>supra</strong></span> <span class='ocrx_word' id='word_1_183' title='bbox 870 3029 1039 3124; x_wconf 82' lang='lat' dir='ltr'><strong>Tiberim,</strong></span> <span class='ocrx_word' id='word_1_184' title='bbox 1061 3051 1108 3105; x_wconf 94' lang='lat' dir='ltr'><strong>ne</strong></span> <span class='ocrx_word' id='word_1_185' title='bbox 1133 3032 1246 3127; x_wconf 87' lang='lat' dir='ltr'><strong>aliqui</strong></span> <span class='ocrx_word' id='word_1_186' title='bbox 1271 3055 1294 3108; x_wconf 91' lang='lat' dir='ltr'><strong>a</strong></span> <span class='ocrx_word' id='word_1_187' title='bbox 1320 3034 1495 3108; x_wconf 88' lang='lat' dir='ltr'><strong>lateribus</strong></span> <span class='ocrx_word' id='word_1_188' title='bbox 1524 3054 1587 3108; x_wconf 89' lang='lat' dir='ltr'><strong>ea·</strong></span> 
     </span>
     <span class='ocr_line' id='line_1_23' title="bbox 407 3141 1587 3246; baseline -0.001 -19"><span class='ocrx_word' id='word_1_189' title='bbox 407 3153 537 3228; x_wconf 88' lang='lat' dir='ltr'><strong>derent</strong></span> <span class='ocrx_word' id='word_1_190' title='bbox 566 3151 603 3224; x_wconf 95' lang='lat' dir='ltr'><strong>in</strong></span> <span class='ocrx_word' id='word_1_191' title='bbox 632 3171 731 3245; x_wconf 90' lang='lat' dir='ltr'><strong>aqna</strong></span> <span class='ocrx_word' id='word_1_192' title='bbox 746 3141 782 3242; x_wconf 77' lang='lat'><strong>(⁶)</strong></span> <span class='ocrx_word' id='word_1_193' title='bbox 818 3155 855 3224; x_wconf 86' lang='lat' dir='ltr'><strong>et</strong></span> <span class='ocrx_word' id='word_1_194' title='bbox 888 3150 1169 3246; x_wconf 86' lang='lat' dir='ltr'><strong>suffocarentur,</strong></span> <span class='ocrx_word' id='word_1_195' title='bbox 1196 3153 1366 3228; x_wconf 90' lang='lat' dir='ltr'><strong>inventus</strong></span> <span class='ocrx_word' id='word_1_196' title='bbox 1400 3162 1455 3228; x_wconf 90' lang='lat' dir='ltr'><strong>est</strong></span> <span class='ocrx_word' id='word_1_197' title='bbox 1490 3154 1587 3226; x_wconf 88' lang='lat' dir='ltr'><strong>utilis</strong></span> 
     </span>
     <span class='ocr_line' id='line_1_24' title="bbox 407 3268 1588 3366; baseline -0.002 -18"><span class='ocrx_word' id='word_1_198' title='bbox 407 3273 551 3365; x_wconf 87' lang='lat' dir='ltr'><strong>modus,</strong></span> <span class='ocrx_word' id='word_1_199' title='bbox 583 3270 719 3344; x_wconf 85' lang='lat' dir='ltr'><strong>scilieet</strong></span> <span class='ocrx_word' id='word_1_200' title='bbox 751 3275 794 3341; x_wconf 93' lang='lat' dir='ltr'><strong>ut</strong></span> <span class='ocrx_word' id='word_1_201' title='bbox 827 3268 1008 3365; x_wconf 84' lang='lat' dir='ltr'><strong>peregrini</strong></span> <span class='ocrx_word' id='word_1_202' title='bbox 1042 3279 1182 3366; x_wconf 81' lang='lat' dir='ltr'><strong>euntes,</strong></span> <span class='ocrx_word' id='word_1_203' title='bbox 1209 3272 1372 3346; x_wconf 86' lang='lat' dir='ltr'><strong>facerent</strong></span> <span class='ocrx_word' id='word_1_204' title='bbox 1396 3272 1442 3345; x_wconf 92' lang='lat' dir='ltr'><strong>de</strong></span> <span class='ocrx_word' id='word_1_205' title='bbox 1476 3279 1588 3366; x_wconf 90' lang='lat' dir='ltr'><strong>ponte</strong></span> 
     </span>
     <span class='ocr_line' id='line_1_25' title="bbox 406 3389 1587 3490; baseline -0.003 -22"><span class='ocrx_word' id='word_1_206' title='bbox 406 3415 473 3490; x_wconf 91' lang='lat' dir='ltr'><strong>per</strong></span> <span class='ocrx_word' id='word_1_207' title='bbox 507 3394 658 3487; x_wconf 85' lang='lat' dir='ltr'><strong>longum</strong></span> <span class='ocrx_word' id='word_1_208' title='bbox 692 3389 784 3462; x_wconf 90' lang='lat' dir='ltr'><strong>duas</strong></span> <span class='ocrx_word' id='word_1_209' title='bbox 816 3395 950 3483; x_wconf 87' lang='lat' dir='ltr'><strong>partes,</strong></span> <span class='ocrx_word' id='word_1_210' title='bbox 981 3390 1030 3463; x_wconf 89' lang='lat' dir='ltr'><strong>ita</strong></span> <span class='ocrx_word' id='word_1_211' title='bbox 1065 3392 1176 3485; x_wconf 85' lang='lat' dir='ltr'><strong>quod,</strong></span> <span class='ocrx_word' id='word_1_212' title='bbox 1212 3392 1275 3484; x_wconf 88' lang='lat' dir='ltr'><strong>qui</strong></span> <span class='ocrx_word' id='word_1_213' title='bbox 1309 3392 1409 3465; x_wconf 86' lang='lat' dir='ltr'><strong>ibant</strong></span> <span class='ocrx_word' id='word_1_214' title='bbox 1443 3391 1490 3464; x_wconf 91' lang='lat' dir='ltr'><strong>ad</strong></span> <span class='ocrx_word' id='word_1_215' title='bbox 1523 3410 1587 3464; x_wconf 87' lang='lat' dir='ltr'><strong>ee-</strong></span> 
     </span>
     <span class='ocr_line' id='line_1_26' title="bbox 408 3507 1588 3604; baseline -0.003 -16"><span class='ocrx_word' id='word_1_216' title='bbox 408 3512 556 3588; x_wconf 90' lang='lat' dir='ltr'><strong>clesiam</strong></span> <span class='ocrx_word' id='word_1_217' title='bbox 590 3508 704 3585; x_wconf 85' lang='lat' dir='ltr'><strong>saneti</strong></span> <span class='ocrx_word' id='word_1_218' title='bbox 739 3507 836 3581; x_wconf 87' lang='lat' dir='ltr'><strong>Petri</strong></span> <span class='ocrx_word' id='word_1_219' title='bbox 869 3528 936 3602; x_wconf 89' lang='lat' dir='ltr'><strong>per</strong></span> <span class='ocrx_word' id='word_1_220' title='bbox 970 3530 1084 3583; x_wconf 92' lang='lat' dir='ltr'><strong>unam</strong></span> <span class='ocrx_word' id='word_1_221' title='bbox 1120 3511 1353 3585; x_wconf 88' lang='lat' dir='ltr'><strong>medietatem</strong></span> <span class='ocrx_word' id='word_1_222' title='bbox 1380 3511 1498 3604; x_wconf 86' lang='lat' dir='ltr'><strong>pontis</strong></span> <span class='ocrx_word' id='word_1_223' title='bbox 1526 3532 1588 3584; x_wconf 90' lang='lat' dir='ltr'><strong>re-</strong></span> 
     </span>
     <span class='ocr_line' id='line_1_27' title="bbox 407 3629 1586 3730; baseline -0.005 -22"><span class='ocrx_word' id='word_1_224' title='bbox 407 3632 605 3730; x_wconf 86' lang='lat' dir='ltr'><strong>spiciebant</strong></span> <span class='ocrx_word' id='word_1_225' title='bbox 641 3648 772 3704; x_wconf 87' lang='lat' dir='ltr'><strong>versus</strong></span> <span class='ocrx_word' id='word_1_226' title='bbox 806 3629 994 3702; x_wconf 87' lang='lat' dir='ltr'><strong>castellum</strong></span> <span class='ocrx_word' id='word_1_227' title='bbox 1035 3631 1149 3705; x_wconf 89' lang='lat' dir='ltr'><strong>sancti</strong></span> <span class='ocrx_word' id='word_1_228' title='bbox 1182 3630 1321 3728; x_wconf 76' lang='lat' dir='ltr'><strong>Angeli‚</strong></span> <span class='ocrx_word' id='word_1_229' title='bbox 1359 3638 1396 3705; x_wconf 89' lang='lat' dir='ltr'><strong>et</strong></span> <span class='ocrx_word' id='word_1_230' title='bbox 1429 3631 1489 3725; x_wconf 86' lang='lat' dir='ltr'><strong>illi,</strong></span> <span class='ocrx_word' id='word_1_231' title='bbox 1523 3630 1586 3724; x_wconf 91' lang='lat' dir='ltr'><strong>qui</strong></span> 
     </span>
     <span class='ocr_line' id='line_1_28' title="bbox 407 3749 1586 3845; baseline -0.003 -17"><span class='ocrx_word' id='word_1_232' title='bbox 407 3754 574 3828; x_wconf 88' lang='lat' dir='ltr'><strong>redibant</strong></span> <span class='ocrx_word' id='word_1_233' title='bbox 599 3751 646 3825; x_wconf 92' lang='lat' dir='ltr'><strong>ab</strong></span> <span class='ocrx_word' id='word_1_234' title='bbox 671 3749 894 3845; x_wconf 83' lang='lat' dir='ltr'><strong>indulgentia</strong></span> <span class='ocrx_word' id='word_1_235' title='bbox 921 3749 1021 3823; x_wconf 81' lang='lat' dir='ltr'><strong>ibam</strong></span> <span class='ocrx_word' id='word_1_236' title='bbox 1046 3771 1113 3845; x_wconf 90' lang='lat' dir='ltr'><strong>per</strong></span> <span class='ocrx_word' id='word_1_237' title='bbox 1137 3752 1247 3826; x_wconf 90' lang='lat' dir='ltr'><strong>aliam</strong></span> <span class='ocrx_word' id='word_1_238' title='bbox 1273 3750 1507 3825; x_wconf 89' lang='lat' dir='ltr'><strong>medietatem</strong></span> <span class='ocrx_word' id='word_1_239' title='bbox 1526 3771 1586 3825; x_wconf 89' lang='lat' dir='ltr'><strong>re-</strong></span> 
     </span>
     <span class='ocr_line' id='line_1_29' title="bbox 407 3861 1588 3970; baseline -0.002 -23"><span class='ocrx_word' id='word_1_240' title='bbox 407 3874 597 3970; x_wconf 80' lang='lat' dir='ltr'><strong>spicientes</strong></span> <span class='ocrx_word' id='word_1_241' title='bbox 624 3892 752 3945; x_wconf 88' lang='lat' dir='ltr'><strong>versus</strong></span> <span class='ocrx_word' id='word_1_242' title='bbox 777 3878 953 3944; x_wconf 88' lang='lat' dir='ltr'><strong>montem.</strong></span> <span class='ocrx_word' id='word_1_243' title='bbox 989 3870 1041 3943; x_wconf 92' lang='lat' dir='ltr'><strong>lta</strong></span> <span class='ocrx_word' id='word_1_244' title='bbox 1062 3861 1098 3961; x_wconf 53' lang='grc' dir='ltr'><strong>(Β)</strong></span> <span class='ocrx_word' id='word_1_245' title='bbox 1135 3892 1157 3945; x_wconf 91' lang='lat' dir='ltr'><strong>a</strong></span> <span class='ocrx_word' id='word_1_246' title='bbox 1188 3870 1293 3943; x_wconf 92' lang='lat' dir='ltr'><strong>simili</strong></span> <span class='ocrx_word' id='word_1_247' title='bbox 1326 3869 1362 3942; x_wconf 93' lang='lat' dir='ltr'><strong>in</strong></span> <span class='ocrx_word' id='word_1_248' title='bbox 1401 3872 1588 3966; x_wconf 87' lang='lat' dir='ltr'><strong>proposito</strong></span> 
     </span>
    </p>
   </div>
   <div class='ocr_carea' id='block_1_3' title="bbox 405 3978 1586 4087">
    <p class='ocr_par' dir='ltr' id='par_1_3' title="bbox 405 3978 1586 4087">
     <span class='ocr_line' id='line_1_30' title="bbox 405 3978 1586 4087; baseline -0.003 -19"><span class='ocrx_word' id='word_1_249' title='bbox 405 3993 518 4087; x_wconf 90' lang='lat' dir='ltr'><strong>aliqui</strong></span> <span class='ocrx_word' id='word_1_250' title='bbox 546 3994 700 4066; x_wconf 90' lang='lat' dir='ltr'><strong>istorum</strong></span> <span class='ocrx_word' id='word_1_251' title='bbox 727 3978 1038 4084; x_wconf 60' lang='lat' dir='ltr'><strong>fustigatorumd)</strong></span> <span class='ocrx_word' id='word_1_252' title='bbox 1075 3989 1176 4063; x_wconf 93' lang='lat' dir='ltr'><strong>ibant</strong></span> <span class='ocrx_word' id='word_1_253' title='bbox 1209 3988 1256 4063; x_wconf 91' lang='lat' dir='ltr'><strong>ad</strong></span> <span class='ocrx_word' id='word_1_254' title='bbox 1288 3989 1471 4064; x_wconf 88' lang='lat' dir='ltr'><strong>sinistram</strong></span> <span class='ocrx_word' id='word_1_255' title='bbox 1498 4013 1586 4067; x_wconf 83' lang='lat' dir='ltr'><strong>ver-</strong></span> 
     </span>
    </p>
   </div>
   <div class='ocr_carea' id='block_1_4' title="bbox 409 4223 1586 4672">
    <p class='ocr_par' dir='ltr' id='par_1_4' title="bbox 409 4223 1585 4353">
     <span class='ocr_line' id='line_1_31' title="bbox 472 4223 1585 4291; baseline -0.001 -15"><span class='ocrx_word' id='word_1_256' title='bbox 472 4225 499 4289; x_wconf 83' lang='lat'><strong>(¹)</strong></span> <span class='ocrx_word' id='word_1_257' title='bbox 517 4231 571 4286; x_wconf 82' lang='grc'><strong>116,</strong></span> <span class='ocrx_word' id='word_1_258' title='bbox 590 4226 692 4291; x_wconf 76' lang='lat' dir='ltr'><strong>bulgias,</strong></span> <span class='ocrx_word' id='word_1_259' title='bbox 715 4227 739 4276; x_wconf 86' lang='lat' dir='ltr'><strong>ei</strong></span> <span class='ocrx_word' id='word_1_260' title='bbox 759 4225 854 4276; x_wconf 70' lang='lat' dir='ltr'><strong>venitm</strong></span> <span class='ocrx_word' id='word_1_261' title='bbox 874 4223 919 4274; x_wconf 82' lang='lat' dir='ltr'><strong>dal</strong></span> <span class='ocrx_word' id='word_1_262' title='bbox 939 4225 1019 4287; x_wconf 69' lang='lat' dir='ltr'><strong>aiecio</strong></span> <span class='ocrx_word' id='word_1_263' title='bbox 1039 4224 1068 4272; x_wconf 83' lang='lat' dir='ltr'><strong>ia</strong></span> <span class='ocrx_word' id='word_1_264' title='bbox 1089 4237 1148 4288; x_wconf 81' lang='lat' dir='ltr'><strong>quo,</strong></span> <span class='ocrx_word' id='word_1_265' title='bbox 1166 4223 1231 4274; x_wconf 86' lang='lat' dir='ltr'><strong>idest</strong></span> <span class='ocrx_word' id='word_1_266' title='bbox 1247 4238 1261 4274; x_wconf 80' lang='lat' dir='ltr'><strong>a</strong></span> <span class='ocrx_word' id='word_1_267' title='bbox 1277 4224 1364 4274; x_wconf 89' lang='lat' dir='ltr'><strong>medie</strong></span> <span class='ocrx_word' id='word_1_268' title='bbox 1381 4225 1473 4287; x_wconf 79' lang='lat' dir='ltr'><strong>primas</strong></span> <span class='ocrx_word' id='word_1_269' title='bbox 1490 4226 1585 4289; x_wconf 68' lang='lat' dir='ltr'><strong>bulgias</strong></span> 
     </span>
     <span class='ocr_line' id='line_1_32' title="bbox 409 4303 737 4353; baseline -0.003 -1"><span class='ocrx_word' id='word_1_270' title='bbox 409 4315 498 4353; x_wconf 83' lang='lat' dir='ltr'><strong>versos</strong></span> <span class='ocrx_word' id='word_1_271' title='bbox 515 4317 570 4352; x_wconf 86' lang='lat' dir='ltr'><strong>nos.</strong></span> <span class='ocrx_word' id='word_1_272' title='bbox 588 4303 649 4353; x_wconf 90' lang='lat' dir='ltr'><strong>ldeo</strong></span> <span class='ocrx_word' id='word_1_273' title='bbox 666 4303 737 4352; x_wconf 82' lang='lat' dir='ltr'><strong>dicii.</strong></span> 
     </span>
    </p>

    <p class='ocr_par' dir='ltr' id='par_1_5' title="bbox 470 4376 1553 4443">
     <span class='ocr_line' id='line_1_33' title="bbox 470 4376 1553 4443; baseline -0.002 -13"><span class='ocrx_word' id='word_1_274' title='bbox 470 4379 498 4442; x_wconf 86' lang='lat'><strong>(¹)</strong></span> <span class='ocrx_word' id='word_1_275' title='bbox 514 4380 540 4430; x_wconf 85' lang='lat' dir='ltr'><strong>S.</strong></span> <span class='ocrx_word' id='word_1_276' title='bbox 558 4379 628 4430; x_wconf 79' lang='lat' dir='ltr'><strong>ultra</strong></span> <span class='ocrx_word' id='word_1_277' title='bbox 645 4379 782 4430; x_wconf 89' lang='lat' dir='ltr'><strong>dimidium</strong></span> <span class='ocrx_word' id='word_1_278' title='bbox 798 4377 903 4443; x_wconf 71' lang='lat' dir='ltr'><strong>bulgias.</strong></span> <span class='ocrx_word' id='word_1_279' title='bbox 1024 4376 1051 4440; x_wconf 59' lang='lat' dir='ltr'><strong>(f)</strong></span> <span class='ocrx_word' id='word_1_280' title='bbox 1068 4378 1098 4428; x_wconf 88' lang='grc' dir='ltr'><strong>Ε.</strong></span> <span class='ocrx_word' id='word_1_281' title='bbox 1114 4379 1187 4442; x_wconf 81' lang='lat' dir='ltr'><strong>quasi</strong></span> <span class='ocrx_word' id='word_1_282' title='bbox 1204 4378 1287 4428; x_wconf 80' lang='lat' dir='ltr'><strong>dicat:</strong></span> <span class='ocrx_word' id='word_1_283' title='bbox 1304 4379 1364 4442; x_wconf 80' lang='lat' dir='ltr'><strong>qnia</strong></span> <span class='ocrx_word' id='word_1_284' title='bbox 1380 4391 1428 4427; x_wconf 86' lang='lat' dir='ltr'><strong>nos</strong></span> <span class='ocrx_word' id='word_1_285' title='bbox 1445 4377 1553 4428; x_wconf 75' lang='lat' dir='ltr'><strong>ibamus.</strong></span> 
     </span>
    </p>

    <p class='ocr_par' dir='ltr' id='par_1_6' title="bbox 470 4453 1586 4519">
     <span class='ocr_line' id='line_1_34' title="bbox 470 4453 1586 4519; baseline -0.003 -14"><span class='ocrx_word' id='word_1_286' title='bbox 470 4454 496 4518; x_wconf 79' lang='lat'><strong>(¹)</strong></span> <span class='ocrx_word' id='word_1_287' title='bbox 514 4455 544 4505; x_wconf 86' lang='lat' dir='ltr'><strong>E.</strong></span> <span class='ocrx_word' id='word_1_288' title='bbox 562 4456 666 4519; x_wconf 85' lang='lat' dir='ltr'><strong>impulsi</strong></span> <span class='ocrx_word' id='word_1_289' title='bbox 683 4455 755 4504; x_wconf 87' lang='lat' dir='ltr'><strong>duris</strong></span> <span class='ocrx_word' id='word_1_290' title='bbox 771 4454 904 4505; x_wconf 84' lang='lat' dir='ltr'><strong>laboribus</strong></span> <span class='ocrx_word' id='word_1_291' title='bbox 920 4458 947 4505; x_wconf 89' lang='lat' dir='ltr'><strong>el</strong></span> <span class='ocrx_word' id='word_1_292' title='bbox 964 4453 1162 4506; x_wconf 73' lang='lat' dir='ltr'><strong>verberibus—</strong></span> <span class='ocrx_word' id='word_1_293' title='bbox 1173 4455 1198 4503; x_wconf 88' lang='lat' dir='ltr'><strong>S.</strong></span> <span class='ocrx_word' id='word_1_294' title='bbox 1216 4453 1320 4517; x_wconf 84' lang='lat' dir='ltr'><strong>impulsi</strong></span> <span class='ocrx_word' id='word_1_295' title='bbox 1337 4453 1409 4502; x_wconf 87' lang='lat' dir='ltr'><strong>duris</strong></span> <span class='ocrx_word' id='word_1_296' title='bbox 1426 4453 1586 4503; x_wconf 81' lang='lat' dir='ltr'><strong>verberibus.</strong></span> 
     </span>
    </p>

    <p class='ocr_par' dir='ltr' id='par_1_7' title="bbox 471 4529 1397 4595">
     <span class='ocr_line' id='line_1_35' title="bbox 471 4529 1397 4595; baseline -0.004 -13"><span class='ocrx_word' id='word_1_297' title='bbox 471 4532 498 4595; x_wconf 83' lang='lat'><strong>(⁸)</strong></span> <span class='ocrx_word' id='word_1_298' title='bbox 515 4532 549 4593; x_wconf 78' lang='grc'><strong>8.,</strong></span> <span class='ocrx_word' id='word_1_299' title='bbox 568 4536 613 4583; x_wconf 89' lang='grc'><strong>116</strong></span> <span class='ocrx_word' id='word_1_300' title='bbox 629 4546 644 4582; x_wconf 86' lang='lat' dir='ltr'><strong>e</strong></span> <span class='ocrx_word' id='word_1_301' title='bbox 660 4531 692 4581; x_wconf 84' lang='lat' dir='ltr'><strong>E.</strong></span> <span class='ocrx_word' id='word_1_302' title='bbox 708 4532 735 4581; x_wconf 88' lang='lat' dir='ltr'><strong>in</strong></span> <span class='ocrx_word' id='word_1_303' title='bbox 751 4544 853 4594; x_wconf 75' lang='lat' dir='ltr'><strong>aquam.</strong></span> <span class='ocrx_word' id='word_1_304' title='bbox 1021 4529 1047 4589; x_wconf 72' lang='lat'><strong>(⁸)</strong></span> <span class='ocrx_word' id='word_1_305' title='bbox 1065 4533 1119 4591; x_wconf 89' lang='grc'><strong>116,</strong></span> <span class='ocrx_word' id='word_1_306' title='bbox 1136 4532 1175 4580; x_wconf 85' lang='lat' dir='ltr'><strong>lia</strong></span> <span class='ocrx_word' id='word_1_307' title='bbox 1192 4531 1261 4595; x_wconf 84' lang='lat' dir='ltr'><strong>quod</strong></span> <span class='ocrx_word' id='word_1_308' title='bbox 1278 4543 1293 4579; x_wconf 83' lang='lat' dir='ltr'><strong>a</strong></span> <span class='ocrx_word' id='word_1_309' title='bbox 1309 4529 1397 4579; x_wconf 86' lang='lat' dir='ltr'><strong>simili.</strong></span> 
     </span>
    </p>

    <p class='ocr_par' dir='ltr' id='par_1_8' title="bbox 471 4607 739 4672">
     <span class='ocr_line' id='line_1_36' title="bbox 471 4607 739 4672; baseline -0.007 -14"><span class='ocrx_word' id='word_1_310' title='bbox 471 4607 497 4671; x_wconf 71' lang='lat'><strong>(¹)</strong></span> <span class='ocrx_word' id='word_1_311' title='bbox 514 4608 545 4658; x_wconf 85' lang='lat' dir='ltr'><strong>E.</strong></span> <span class='ocrx_word' id='word_1_312' title='bbox 562 4607 739 4672; x_wconf 76' lang='lat' dir='ltr'><strong>fatigatorum.</strong></span> 
     </span>
    </p>
   </div>
   <div class='ocr_carea' id='block_1_5' title="bbox 0 0 1730 5580">
    <p class='ocr_par' dir='ltr' id='par_1_9' title="bbox 0 0 1730 5580">
     <span class='ocr_line' id='line_1_37' title="bbox 0 0 1730 5580; baseline 0 0"><span class='ocrx_word' id='word_1_313' title='bbox 0 0 1730 5580; x_wconf 95' lang='lat' dir='ltr'><strong> </strong></span> 
     </span>
    </p>
   </div>
  </div>
 </body>
</html>
