3450 5580
470 483 609 541 CANTUS
634 486 789 542 DECIMUS
813 486 983 543 octavus.
1272 479 1316 544 15

133 629 398 704 amoenissimae
423 629 589 725 civitatis,
615 631 721 705 cuius
747 631 968 706 fertilitatem
994 637 1032 705 et
1056 631 1258 705 bonitatem
1279 633 1316 705 in

134 749 309 824 omnibus
335 750 447 824 rebus
472 770 545 825 non
569 750 747 846 describo,
765 758 846 824 turn
873 751 959 847 quia
977 751 1122 827 viderer
1140 753 1316 827 recedere

135 891 160 944 a
185 870 383 964 proposito,
402 876 481 943 tum
509 860 596 964 quia
622 871 807 946 notorium
830 878 884 946 est
905 873 1005 946 omni
1027 872 1163 946 nationi
1184 873 1220 945 in
1238 880 1316 946 toto

135 989 338 1085 occidente,
365 991 464 1084 quod
489 998 526 1065 et
551 992 671 1087 ipsum
698 1013 833 1068 nomen
860 998 1025 1066 testatur.
1045 992 1192 1067 xDicitur
1218 994 1314 1067 enim

136 1109 314 1203 Bononia,
341 1111 445 1204 quasi
472 1112 568 1186 bona
589 1133 655 1207 per
680 1113 814 1187 omnia.
834 1113 918 1186 ldeo
939 1113 1052 1187 bene:
1079 1114 1244 1186 Omnibus
1268 1121 1319 1187 est

137 1232 267 1321 depuis
292 1233 475 1304 laudanda
499 1235 662 1305 Bononia
680 1236 830 1325 pinputs.
849 1234 894 1306 Et
910 1233 1104 1307 confirmat
1121 1235 1317 1309 Veneticus

138 1349 280 1423 dictum
305 1371 416 1424 suum
440 1351 582 1426 ratione
600 1352 787 1448 probabili,
806 1353 948 1427 dicens:
971 1353 1070 1447 quod
1089 1355 1243 1429 avaritia
1262 1362 1317 1429 est

139 1489 252 1545 causa
279 1471 388 1544 buius
414 1472 493 1547 vilis
520 1472 594 1548 vitii
621 1472 746 1547 ineis:
767 1473 864 1547 unde
885 1472 987 1548 dicit:
1006 1478 1130 1548 aecae
1149 1496 1174 1547 a
1193 1483 1316 1567 mente,

138 1588 234 1664 idest
258 1590 374 1665 reduc
399 1591 463 1665 tibi
484 1592 531 1666 ad
548 1592 780 1686 memoriam,
798 1595 960 1665 unosoo
981 1614 1095 1666 avaro
1112 1615 1209 1685 serto,
1226 1595 1317 1673 idest

140 1717 307 1786 nostram
333 1732 486 1786 avaram
516 1712 752 1807 rapacitatem
770 1705 819 1804 ι’).
838 1713 883 1785 Ει
902 1712 961 1786 bic
977 1719 1063 1787 nota
1084 1713 1182 1807 quod
1208 1722 1317 1789 autor

138 1830 238 1924 capit
262 1830 322 1905 bic
346 1831 539 1905 avaritiam
566 1833 688 1928 large3
716 1852 801 1904 nam
828 1831 1060 1905 bononiensis
1075 1823 1112 1922 (²)
1140 1833 1318 1907 naturali-

140 1956 263 2024 teret
293 1951 502 2026 comuniter
531 1972 605 2027 non
635 1959 690 2025 est
719 1972 856 2026 avarus
890 1950 926 2024 in
957 1951 1158 2046 retinendo,
1188 1953 1251 2027 sed
1281 1953 1317 2025 in

41 2118 43 2121 ψ
138 2069 317 2164 capiendo
344 2077 499 2145 tantum.
517 2072 569 2145 Illi
595 2071 705 2164 enim,
720 2072 782 2165 qui
801 2077 886 2145 sunt
904 2071 1032 2164 vitiosi,
1051 2072 1100 2145 ibi
1121 2072 1317 2169 prodigali-

140 2195 200 2263 ter
227 2190 438 2285 expendunt
463 2193 560 2265 ultra
585 2191 683 2265 vires
709 2190 889 2264 facultatis
916 2190 975 2264 vel
1007 2191 1117 2284 lucri3
1150 2191 1232 2266 ideo
1262 2193 1318 2267 la-

141 2308 247 2383 ciunt
270 2311 391 2405 turpia
417 2313 533 2404 lucra,
550 2311 746 2405 aliquando
770 2330 857 2384 cum
884 2309 987 2403 ludis,
1009 2310 1205 2405 aliquando
1230 2332 1316 2385 cum

142 2429 263 2522 furtis,
289 2430 485 2525 aliquando
510 2452 596 2504 cum
623 2429 820 2523 lenociniis,
847 2435 1069 2523 exponentes
1094 2429 1195 2524 filias,
1215 2451 1318 2505 soro·

140 2569 215 2642 res,
242 2556 279 2625 et
305 2571 443 2625 uxores
467 2550 614 2645 libidini,
640 2557 683 2623 ut
708 2549 927 2623 satisfaciant
951 2550 1049 2645 gulae
1080 2556 1116 2623 et
1148 2551 1317 2646 volupta-

141 2668 241 2742 tibus
272 2670 370 2763 snis3
402 2671 484 2744 ideo
509 2670 610 2743 dicit:
639 2691 676 2742 se
707 2672 745 2742 di
774 2661 827 2740 oid
856 2671 938 2740 ottoi
958 2671 1037 2761 fede
1065 2690 1087 2740 o
1113 2672 1317 2761 testimonio

140 2790 248 2884 quasi
274 2790 392 2863 dicat:
420 2811 493 2864 non
520 2795 674 2885 oportet,
702 2788 801 2881 quod
826 2808 972 2881 quaeras
997 2788 1107 2862 aliam
1134 2788 1317 2883 probatio

139 2932 240 3004 uem,
267 2911 354 3004 quia
379 2912 603 3006 experientia
628 2911 713 2985 fecit
734 2909 796 2983 tibi
818 2908 926 2982 fidem
948 2915 984 2983 et
1005 2908 1253 2984 testimouium
1271 2909 1317 2983 de

139 3034 222 3106 boc.
249 3032 294 3105 Et
317 3032 388 3106 boc
413 3031 498 3106 dicit
523 3030 728 3123 Veneticus,
755 3031 842 3124 quia
878 3031 1013 3104 Dantes
1051 3030 1171 3103 iuerat
1196 3030 1318 3103 Bono-

138 3153 212 3227 niae
230 3153 267 3226 in
284 3152 405 3225 studio
422 3151 468 3226 ad
486 3162 646 3246 tempus;
669 3158 706 3224 et
723 3150 790 3224 ista
808 3150 931 3225 omnia
954 3150 1094 3224 viderat
1110 3156 1148 3224 et
1165 3158 1317 3224 notave-

140 3285 220 3366 rat,
247 3279 285 3347 et
310 3273 405 3346 sorte
429 3278 572 3346 emerat
597 3271 646 3344 ibi
672 3270 869 3363 aliquando
885 3261 921 3361 (³)
947 3270 994 3344 de
1025 3270 1085 3344 tali
1111 3291 1236 3344 merce
1269 3271 1318 3345 ab

140 3395 267 3487 aliquo
289 3390 514 3484 bononiensi,
533 3389 627 3464 sicut
645 3410 741 3484 saepe
758 3390 941 3464 scholares
959 3389 1106 3464 iaciunt.
1125 3390 1210 3463 Vult
1228 3410 1318 3486 ergo

143 3512 267 3587 dicere
299 3510 517 3586 Veneticus:
557 3516 598 3582 tu
629 3509 742 3584 debes
776 3509 871 3583 bene
906 3509 973 3583 ista
1003 3509 1096 3584 scire
1126 3515 1317 3602 tamquam

141 3637 329 3726 expertus.
343 3670 393 3684 -
409 3621 494 3703 cosi.
523 3629 589 3703 Hic
615 3629 744 3702 ultimo
768 3635 878 3702 autor
903 3628 1056 3722 imponit
1086 3627 1197 3703 linem
1232 3628 1318 3702 huic

141 3750 321 3844 materia,
339 3755 377 3824 et
396 3749 553 3824 ostendit
571 3747 756 3842 quomodo
782 3747 850 3820 luit
874 3747 1101 3842 interruptus
1127 3752 1164 3820 et
1189 3746 1318 3821 tormi-

141 3878 253 3946 natus
277 3890 401 3944 sermo
426 3869 609 3944 narrantis
624 3857 660 3960 (⁴)
688 3888 775 3941 cum
806 3866 885 3940 eius
916 3885 1051 3962 magno
1080 3865 1227 3957 damno,
1254 3864 1318 3940 sed

140 3990 275 4065 maiori
299 3989 498 4082 dedecore;
523 3989 623 4062 unde
647 3987 752 4061 dicit:
778 4007 826 4059 un
851 3989 1005 4060 dimonio
1034 3988 1062 4058 il
1087 4004 1250 4076 pernosse
1275 3987 1318 4058 dc

138 4115 177 4185 ιιι
202 4133 270 4185 suu
293 4112 472 4203 cmmoda,
499 4109 585 4204 quia
611 4107 741 4201 aliquis
766 4106 911 4180 daemon
941 4105 1000 4179 bic
1030 4104 1147 4177 utitur
1172 4104 1316 4199 baculo,

137 4232 273 4325 aliquis
301 4231 451 4323 scutica,
477 4228 608 4322 aliquis
642 4228 745 4322 virga
772 4226 912 4318 ferrea3
939 4231 976 4299 et
1007 4226 1076 4298 boc
1102 4230 1156 4299 est
1182 4223 1316 4318 dicere,

138 4352 242 4448 quod
259 4351 455 4446 aliquando
472 4349 627 4422 maritus
644 4353 821 4421 cornutus
843 4345 1001 4441 percutit
1020 4345 1190 4419 lenonem
1209 4350 1246 4418 et
1263 4345 1317 4418 le·

206 4540 234 4602 (¹)
253 4544 306 4602 llo,
324 4539 499 4602 cupiditatem.
511 4536 579 4586 -rt
596 4536 730 4587 avaritiam
746 4540 772 4585 et
789 4534 964 4597 cupiditatem.

206 4616 233 4680 (ἰ
250 4619 276 4669 S.
292 4616 455 4668 bononiensis
469 4615 651 4666 communiter.
746 4611 820 4672 l'tll.
837 4613 941 4677 aliquid.
1036 4612 1062 4677 ι’)
1080 4613 1110 4662 Ε.
1125 4610 1286 4664 ιιιιηιιοιιιι
