3450 5580
397 463 420 524 2
797 465 1002 520 COMENTUM
1028 466 1180 517 INFERNI

395 623 435 689 et
465 614 594 687 ultima
628 611 798 687 describit
828 610 864 683 in
898 608 1061 705 generali
1096 615 1134 682 et
1165 607 1310 704 speciali
1343 608 1453 682 aliam
1490 627 1574 702 spe-

395 735 489 809 ciem
522 733 672 826 fraudis,
703 732 838 806 scilicet
863 730 1124 825 adulationem,
1155 749 1239 823 quae
1268 729 1420 825 punitur
1446 728 1484 801 in
1515 750 1574 802 se·

394 854 515 929 cunda
540 855 646 948 valle,
672 852 738 926 ibi:
769 842 836 924 att
861 872 1017 924 cranam
1045 849 1098 923 Ad
1124 851 1281 945 primam
1307 849 1388 924 dico
1401 842 1452 942 (⁴),
1474 851 1574 944 quod

393 985 503 1050 autor
529 973 648 1068 primo
678 971 848 1048 describit
873 971 1055 1044 circulum
1081 970 1293 1065 generalem
1320 969 1574 1044 fraudulento-

396 1114 614 1188 rum,quem
628 1092 815 1188 distinguit
827 1091 864 1163 in
878 1090 1006 1165 decem
1022 1089 1134 1164 valles
1147 1090 1335 1184 speciales3
1349 1090 1469 1186 primo
1482 1110 1574 1186 ergo

395 1215 613 1291 continuans
628 1205 665 1305 (²)
692 1212 787 1286 dicta
813 1210 984 1305 dicendis,
1002 1211 1089 1304 quia
1106 1210 1250 1284 dixerat
1270 1211 1307 1282 in
1328 1210 1401 1284 line
1426 1210 1575 1305 capituli

395 1335 634 1430 praecedentis
660 1333 759 1427 quod
785 1337 1030 1426 pervenerant
1040 1321 1075 1423 (³)
1094 1330 1140 1404 ad
1157 1350 1282 1404 arcem
1302 1330 1502 1424 ruinosam,
1519 1329 1575 1402 di-

396 1457 461 1531 cit:
489 1461 580 1527 Loco
605 1451 642 1528 e‘e
665 1458 704 1526 in
728 1457 873 1546 inferno
898 1455 989 1524 detto
1013 1452 1230 1541 Matetotpie.
1249 1452 1292 1523 Et
1309 1451 1360 1525 sic
1378 1450 1460 1524 vide
1479 1471 1574 1543 quo-

395 1576 506 1650 modo
524 1574 693 1649 describit
710 1574 830 1668 primo
844 1561 882 1664 (⁴)
900 1573 1023 1646 locum
1042 1593 1064 1646 a
1082 1571 1231 1645 nomine
1247 1592 1357 1666 novo,
1375 1571 1462 1665 quia
1480 1570 1575 1644 istud

396 1696 536 1770 dictum
563 1703 618 1770 est
643 1715 763 1789 nuper
780 1694 827 1768 ab
845 1701 988 1788 autore,
1006 1714 1212 1786 numquam
1227 1683 1265 1784 (⁵)
1289 1693 1337 1766 ab
1359 1693 1444 1786 alio,
1462 1699 1499 1765 et
1521 1697 1576 1764 est

397 1835 533 1890 nomen
558 1813 789 1889 conveniens.
817 1812 945 1909 Bulgia
972 1812 1069 1886 enim
1092 1812 1127 1884 in
1147 1813 1292 1908 vulgari
1310 1811 1503 1886 florentino
1521 1817 1576 1885 est

396 1935 493 2009 idem
521 1935 619 2028 quod
645 1932 747 2006 vallis
773 1952 934 2006 concava
960 1937 998 2005 et
1022 1951 1155 2026 capax:
1187 1931 1298 2005 modo
1324 1931 1391 2004 iste
1416 1930 1576 2004 circulus

397 2053 560 2129 continet
585 2053 681 2126 intra
706 2072 747 2125 se
771 2051 907 2124 multas
928 2051 1052 2144 valles,
1071 2071 1232 2144 quarum
1251 2051 1423 2144 quaelibet
1439 2058 1496 2124 est
1515 2070 1576 2123 ca-

397 2194 469 2268 pax
496 2173 699 2246 multorum
732 2170 855 2264 vaide;
890 2170 972 2244 ideo
1005 2179 1116 2245 autor
1148 2171 1299 2265 imponit
1315 2162 1351 2263 (⁶)
1383 2171 1470 2245 huic
1495 2171 1576 2243 loco

397 2295 471 2367 tale
501 2313 648 2385 nomen,
682 2297 718 2365 et
750 2301 806 2368 est
836 2310 971 2364 nomen
1003 2291 1246 2385 compositum
1279 2290 1473 2387 singularis
1504 2313 1576 2365 nu-

399 2413 503 2488 meri.
532 2413 575 2485 Et
600 2413 695 2486 bene
720 2412 771 2486 sic
797 2417 963 2502 vocatur,
990 2411 1076 2503 quia
1101 2432 1188 2485 cum
1221 2431 1350 2485 omnes
1381 2411 1494 2485 valles
1519 2410 1576 2483 in-

398 2532 492 2606 lerni
513 2532 583 2605 sint
606 2532 725 2625 malac,
744 2531 822 2604 istae
839 2550 904 2625 per
922 2530 1175 2604 excellentiam
1195 2536 1347 2625 possunt
1363 2530 1432 2604 dici
1450 2531 1574 2605 malae:

398 2658 436 2725 et
461 2651 692 2726 manifestato
719 2650 867 2724 nomine
892 2649 1052 2745 proprio,
1078 2649 1286 2726 manifestat
1305 2650 1512 2742 materiam,
1530 2649 1576 2724 de

399 2792 474 2865 qua
499 2770 617 2847 sactus
643 2778 707 2863 est,
734 2770 876 2845 dicens:
903 2778 986 2843 totto
1006 2773 1044 2842 dt
1054 2773 1172 2862 pietro
1190 2791 1209 2842 c
1227 2772 1266 2843 dt
1287 2774 1384 2843 color
1398 2773 1576 2864 sompno,

115 2914 128 2937 κ
257 2967 258 2970 Ν
399 2891 491 2964 ides't
516 2890 739 2984 ferrugineo
767 2890 838 2963 Per
856 2890 925 2962 hoc
946 2889 1081 2985 figurat
1101 2888 1291 2963 duriorem
1309 2910 1469 2984 poenam,
1489 2889 1576 2984 quia

398 3009 429 3082 si
454 3008 603 3083 violenti
629 3015 850 3083 coercentur
876 3007 971 3082 duro
997 3028 1158 3102 carcere,
1183 3009 1302 3082 multo
1327 3009 1456 3083 lortius
1473 3010 1577 3085 frau-

398 3127 548 3202 dulenti.
580 3129 689 3201 Notat
713 3127 824 3201 etiam
857 3127 1096 3202 difficiliorem
1124 3129 1317 3204 materiam
1331 3118 1380 3223 (⁷),
1407 3135 1444 3202 et
1468 3129 1575 3204 dicit:

399 3269 496 3320 come
521 3251 558 3321 ta
585 3251 667 3340 ripa
697 3250 758 3320 cte
787 3250 974 3320 d'intoroo
1003 3251 1031 3320 tt
1059 3251 1171 3339 cinpe,
1202 3248 1289 3341 quia
1320 3247 1388 3322 iste
1413 3248 1576 3322 circulus

399 3374 455 3442 est
485 3369 624 3441 cinctus
653 3368 793 3442 circum
826 3368 924 3443 circa
953 3367 1131 3462 altaripa
1163 3373 1200 3440 et
1229 3366 1389 3461 lapidea3
1416 3378 1454 3445 et
1479 3375 1576 3443 tacta

399 3488 566 3581 materia,
593 3488 708 3583 tangit
732 3488 903 3582 sormam,
929 3487 1072 3562 dicens:
1099 3507 1147 3559 uo
1171 3489 1308 3579 porcio,
1334 3491 1432 3562 assai
1457 3492 1577 3581 torpe,

403 3607 489 3701 quia
516 3606 619 3702 punit
645 3606 682 3679 in
699 3627 739 3680 se
756 3614 916 3700 quatuor
933 3606 1071 3702 species
1087 3607 1328 3704 proditorum,
1346 3631 1366 3682 e
1379 3613 1577 3705 profunde,

400 3726 488 3820 quia
520 3731 575 3799 est
605 3725 641 3798 in
667 3726 793 3800 infimo
825 3726 936 3801 fundo
969 3726 1112 3822 inferni,
1141 3731 1179 3802 dt
1207 3732 1275 3821 otti,
1306 3728 1398 3806 idest
1426 3729 1473 3803 de
1503 3751 1577 3825 quo

400 3851 523 3940 puteo,
551 3849 751 3938 tordtpoo,
777 3846 869 3923 idest
893 3846 985 3920 ordo
1010 3847 1103 3942 libri,
1125 3839 1258 3938 dicerd,
1278 3847 1371 3921 idest
1395 3850 1577 3945 tractabit,

399 3968 437 4037 in
462 3986 525 4037 suo
551 3969 641 4057 loco,
667 3966 803 4041 scilicet
827 3965 865 4040 in
890 3965 964 4040 fine
989 3967 1092 4041 istius
1109 3967 1190 4040 libri
1208 3967 1361 4041 lnserni:
1389 3973 1576 4062 voocppio,

400 4082 491 4156 idest
508 4091 563 4158 est
580 4105 721 4159 vacuus
738 4105 805 4180 pro
822 4095 938 4179 parte,
950 4090 1008 4159 rtet
1023 4089 1129 4160 dritto
1146 4091 1272 4180 mepte,
1286 4089 1377 4164 idest
1394 4091 1431 4164 in
1449 4099 1576 4167 centro

462 4343 488 4406 (¹)
507 4348 561 4404 tlt,
578 4359 641 4410 argo
658 4347 725 4398 dlco.
1070 4345 1098 4410 (¹)
1115 4349 1141 4398 S.
1158 4349 1301 4400 continuat.

464 4419 490 4482 (⁸)
508 4420 532 4470 S.
550 4428 681 4473 venerant.
1070 4425 1096 4486 (⁸)
1112 4425 1137 4475 S.
1154 4438 1169 4475 c
1185 4426 1216 4475 Ε.
1233 4427 1348 4489 primum
1364 4427 1461 4478 locum.

463 4498 489 4558 (“)
507 4497 537 4546 Ε.
554 4502 580 4548 ct
597 4512 738 4563 nunqnam.
1071 4501 1098 4564 (¹)
1114 4503 1140 4552 S.
1157 4503 1288 4566 imposuit.

464 4573 491 4634 (⁷)
508 4573 538 4624 E.
555 4576 690 4627 materiam
707 4578 810 4629 dicensz
827 4580 902 4630 moto.
