3450 5580
402 1076 770 1230 conenron
814 1100 1120 1235 romoni

684 1369 818 1378 .-

160 1632 329 1701 CANTUS
357 1632 547 1702 DECIMUS
577 1634 782 1720 OCTAVUS,
812 1641 848 1705 in
876 1661 936 1725 qno
963 1647 1081 1709 tractat
1112 1645 1151 1712 dc
1175 1640 1339 1718 montius
1425 1644 1429 1649 ’

227 1747 392 1828 percensis
409 1769 431 1812 a
448 1747 641 1814 comoedos
663 1751 817 1816 coeliacis
838 1753 897 1817 sut
920 1753 1010 1818 titolo
1033 1754 1154 1822 domini
1171 1755 1338 1828 caccone-

235 1858 310 1922 miei
331 1857 370 1924 de
391 1856 551 1937 Bononia,
576 1865 606 1926 et
627 1859 764 1928 otiorum
789 1863 967 1947 meritorum,
992 1871 1022 1930 ct
1044 1865 1193 1950 Josom's,·
1216 1876 1246 1936 ct
1278 1872 1339 1939 oli-

234 1968 421 2049 cumulum
449 1970 488 2036 dc
517 1972 660 2054 sequenti
688 1971 806 2057 odoia,
835 1974 872 2040 in
898 1997 971 2059 quo.
990 1982 1066 2042 sont
1088 1977 1282 2048 blanditorec
1303 1985 1340 2049 in

234 2084 377 2158 stercore,
408 2081 465 2146 ubi
491 2082 693 2148 abominatur
722 2083 858 2151 Alccius
881 2086 1093 2154 Interminclli
1121 2090 1160 2158 de
1189 2092 1287 2174 Iolco,
1311 2101 1341 2161 et

235 2189 315 2256 otios
335 2191 460 2258 multos.

232 2464 388 2628 Loco
413 2547 450 2622 c'c
474 2553 512 2623 to
536 2554 681 2644 inferno
707 2553 797 2625 detto
823 2554 1037 2645 Maledolote.
1071 2557 1270 2650 Postquam
1297 2560 1335 2633 in

156 2671 339 2765 superiori
366 2670 524 2765 'capitulo
550 2664 718 2766 proxime
743 2672 961 2767 praecedenti
982 2681 1092 2749 autor
1118 2684 1243 2751 noster
1268 2679 1334 2754 de-

155 2791 298 2886 scripsit
322 2792 496 2887 generale
521 2790 651 2865 vitium
678 2791 816 2865 fraudis
840 2793 910 2865 sub
931 2780 1053 2889 figora
1073 2780 1250 2891 (lenonis,
1268 2818 1335 2895 per
1432 2782 1435 2789 ⁴

155 2931 270 3007 quem
297 2910 532 3005 transportati
550 2910 703 2986 luerunt
727 2931 749 2984 a
775 2911 914 2986 circulo
933 2912 1179 2988 violentorum
1198 2915 1244 2990 ad
1261 2916 1335 2991 cir-

155 3033 284 3107 culum
309 3030 649 3123 fraudulentorum
677 3051 774 3105 nunc
803 3041 1072 3126 consequenter
1102 3034 1139 3108 in
1165 3038 1335 3131 promenti

156 3153 268 3227 XVIII
292 3152 452 3248 capitulo
477 3151 648 3224 describit
673 3151 793 3245 ipsum
811 3152 992 3227 circulum
1011 3154 1334 3231 fraudulentorum

155 3274 193 3347 in
219 3271 394 3369 generali,
420 3283 458 3348 et
483 3271 575 3344 duas
589 3263 626 3362 (¹)
653 3273 766 3346 valles
791 3272 882 3367 eius,
909 3273 946 3346 in
972 3273 1105 3367 quibus
1131 3276 1335 3370 puniuntur

155 3393 240 3466 duae
265 3392 393 3486 primae
428 3391 566 3487 specics
599 3390 748 3464 fraudis.
781 3390 825 3464 Et
857 3390 953 3465 istud
984 3392 1187 3487 capitulum
1217 3401 1334 3489 potest

155 3514 317 3589 breviter
348 3512 456 3586 dividi
491 3512 528 3584 in
559 3517 720 3605 quatuor
754 3518 875 3606 partes
904 3514 1113 3608 generalem
1146 3513 1183 3586 in
1214 3514 1333 3610 prima

155 3654 317 3729 quarum
342 3639 452 3707 autor
477 3630 648 3705 describit
674 3636 793 3704 totum
819 3631 1000 3705 circulum
1031 3633 1068 3704 in
1094 3634 1269 3728 generali,
1297 3641 1333 3707 et

154 3755 235 3828 eius
260 3754 372 3826 situm
397 3756 436 3827 et
459 3769 608 3847 poenam
634 3750 847 3845 generalem
864 3741 901 3841 (²)
926 3750 1056 3845 primae
1076 3751 1208 3845 speciei
1229 3751 1333 3825 irau-

153 3872 221 3967 dis,
239 3872 373 3947 scilicet
397 3870 576 3965 lenocinii,
594 3890 679 3965 quae
699 3870 851 3964 punitur
875 3868 913 3943 in
939 3869 1057 3963 prima
1083 3870 1188 3943 valle.
1208 3871 1249 3942 ln
1274 3890 1333 3943 se-

152 3993 276 4068 cunda
310 3992 393 4067 lacit
425 3991 651 4066 mentionem
690 3990 737 4064 de
772 4010 848 4063 uno
883 3990 1011 4085 spiritu
1046 3989 1235 4084 moderno,
1268 3991 1333 4084 qui

153 4113 305 4207 deliquit
343 4113 381 4186 in
412 4111 611 4205 lenocinio,
643 4109 716 4183 ibi:
752 4112 876 4182 Merctr‘
892 4112 927 4182 io
962 4109 1115 4181 oodooc.
1151 4108 1191 4182 ln
1226 4110 1332 4186 tertia

152 4239 287 4308 tractat
311 4231 358 4306 de
382 4231 455 4306 alio
472 4230 599 4326 spiritu
619 4227 729 4303 nobili
749 4229 901 4322 antiquo
918 4228 981 4321 qui
1003 4228 1181 4303 laboravit
1201 4230 1332 4304 eodem

151 4353 296 4448 morbo,
324 4352 387 4428 sed
412 4349 668 4444 diversimode,
685 4349 756 4422 ibi:
784 4353 824 4420 lo
850 4351 898 4420 mo·
921 4351 1117 4440 roceiensi.
1137 4350 1178 4421 ln
1198 4355 1331 4442 quarto

215 4628 244 4691 (¹)
260 4626 295 4690 8.,
312 4629 343 4679 E.
360 4642 376 4680 e
393 4633 447 4690 llo,
464 4628 528 4679 dum
543 4627 641 4691 primm
656 4624 745 4678 valles.
890 4623 917 4686 (¹)
935 4625 965 4675 E.
982 4624 1120 4689 specialem
1136 4622 1235 4687 primo.

286 4749 315 4793 ll.
1183 4744 1193 4786 l
