3450 5580
497 462 634 517 caurus
660 461 816 517 nacturus
841 462 1011 517 ocruvus.
1292 455 1339 520 25

161 607 298 680 dinem.
325 607 429 682 Unde
454 613 551 700 nota,
578 608 704 700 lector,
731 606 829 699 quod
861 607 1022 681 adulatio
1053 614 1107 682 est
1140 629 1229 683 vere
1254 611 1340 699 alta,

163 727 249 820 lata,
277 734 314 800 et
339 727 530 821 prolunda,
549 726 648 799 unde
673 732 709 799 et
731 725 938 820 paucissimi
964 726 1202 801 inveniuntur
1228 728 1339 802 etiam

162 847 384 942 sapientum,
403 847 465 939 qui
486 867 560 919 non
585 846 745 918 habeant
764 845 927 938 aliquam
944 852 1086 940 partem
1105 847 1340 940 adulationis,

162 966 247 1053 ideo
273 967 368 1041 bene
394 967 538 1041 videtur
555 987 687 1040 verum
706 965 804 1060 quod
822 966 965 1041 dicebat
986 988 1059 1041 una
1081 967 1178 1042 bona
1195 969 1340 1042 vetula:

163 1086 308 1161 dioehat
342 1087 440 1161 enim
475 1086 574 1179 quod
608 1106 726 1157 unum
762 1093 817 1161 est
855 1107 1033 1181 magnum
1072 1093 1264 1181 peccatum
1303 1087 1340 1160 in

165 1206 318 1299 mundo,
338 1206 384 1281 de
410 1227 485 1300 quo
515 1206 637 1279 nullus
662 1205 869 1299 confitetur,
895 1206 1032 1280 scilicet
1056 1207 1341 1302 complacentia,

163 1348 183 1398 c
208 1328 342 1419 qmndi,
368 1326 504 1400 scilicet
528 1326 574 1398 de
601 1325 721 1399 medio
747 1318 907 1417 huius(¹)
930 1326 1060 1420 pontis,
1077 1328 1148 1398 vidi
1166 1335 1266 1416 pente
1281 1322 1342 1417 ott

163 1450 224 1520 net
242 1452 341 1541 fosso
367 1452 527 1539 utuffato,
546 1446 637 1520 idest
654 1447 857 1540 submersa,
875 1450 913 1519 in
934 1468 1003 1519 uno
1020 1454 1132 1519 sterce
1150 1450 1209 1540 cte
1222 1467 1339 1539 porea

164 1591 283 1642 rnorso
308 1571 357 1642 do
380 1572 394 1640 i
412 1571 561 1661 privudt‘
583 1571 717 1658 emoti,
735 1567 826 1640 idest
842 1588 864 1641 a
882 1568 1021 1640 latrinis
1042 1567 1252 1640 hominum:
1271 1568 1342 1640 hoc

163 1689 250 1763 dicit
275 1689 362 1782 quia
388 1696 551 1763 stercora
572 1689 739 1761 'humana
765 1692 851 1759 sunt
874 1686 1056 1760 loetidiora
1080 1686 1171 1779 aliis,
1196 1693 1234 1760 et
1260 1687 1341 1780 plus

164 1809 315 1903 quando
333 1816 545 1902 moventur;
569 1809 627 1881 hic
644 1815 771 1881 autem
789 1806 963 1881 continuo
980 1807 1237 1899 movebantur,
1255 1807 1342 1899 quia

163 1928 375 2004 adulatores
395 1929 568 2002 natabant
585 1928 622 2000 in
639 1948 684 2001 eo
702 1934 739 2001 et
756 1926 1009 2022 percutiebant
1027 1946 1067 1999 se
1083 1925 1222 2020 palmis.
1242 1925 1343 1999 Facit

164 2050 279 2124 etiam
306 2049 529 2124 mentionem
556 2049 676 2144 potius
701 2048 747 2121 de
772 2054 936 2121 stercore
959 2048 1134 2140 humano,
1156 2068 1268 2140 quam
1287 2049 1342 2122 al-

164 2169 281 2245 terius
305 2169 482 2263 animalis,
510 2168 595 2262 quia
622 2168 763 2242 adulari
781 2174 835 2242 est
857 2167 1044 2262 proprium
1070 2168 1238 2262 lrominis,
1266 2189 1339 2242 non

164 2289 318 2363 alterius
350 2289 525 2363 animalis.
546 2329 595 2341 -
613 2294 645 2360 Ε
677 2295 807 2360 mentre
840 2290 899 2360 cte
930 2279 967 2360 ld
995 2283 1055 2378 piri
1088 2310 1155 2360 con
1189 2291 1210 2360 t’
1224 2291 1341 2361 occlto

164 2434 276 2485 cereo.
304 2411 368 2484 Hic
402 2418 511 2484 autor
536 2410 657 2505 incipit
693 2418 851 2485 tractare
877 2411 913 2483 in
947 2413 1091 2505 speciali
1117 2415 1164 2488 de
1190 2414 1343 2507 quibus-

164 2531 251 2605 dam
271 2531 390 2604 unctis
408 2536 483 2604 tam
502 2530 606 2604 suavi
625 2536 831 2624 unguent03
850 2537 887 2603 et
904 2530 1023 2624 primo
1041 2535 1204 2606 nominat
1223 2555 1339 2606 unum

166 2653 289 2726 virum
316 2651 547 2725 modernum.
575 2652 645 2724 lste
670 2649 738 2723 luit
763 2649 912 2743 quidam
930 2650 1079 2724 Alexius
1100 2653 1204 2725 miles
1225 2652 1343 2748 digni-

168 2779 254 2866 tate,
284 2771 414 2844 nobilis
443 2791 592 2867 genere,
624 2771 770 2843 natione
800 2771 965 2863 lucanus,
992 2778 1125 2845 natura
1150 2771 1340 2845 blandissi-

116 2990 119 2995 ‚
167 2914 265 2966 mus.
280 2890 362 2965 Fuit
380 2890 478 2965 enim
498 2891 545 2964 de
562 2890 815 2964 Intermineilis
831 2891 878 2964 de
894 2891 1009 2983 ana3
1022 2891 1068 2965 de
1082 2912 1155 2984 qua
1170 2891 1280 2985 stirpe
1296 2911 1342 2964 en

168 3013 265 3087 linea
283 3017 451 3093 materna
469 3010 536 3083 luit
559 3010 618 3083 ille
635 3016 809 3084 strenuus
831 3011 935 3085 miles
958 3012 1189 3085 Castruccius
1215 3017 1342 3106 tyran-

166 3155 240 3206 nus
265 3133 437 3206 cordatus
462 3137 499 3204 et
524 3131 684 3203 multum
710 3129 927 3203 formidatus
952 3130 989 3203 in
1016 3137 1091 3204 tota
1116 3131 1258 3224 Tuscia,
1280 3131 1344 3224 qui

167 3253 237 3327 luit
263 3273 421 3347 magnus
447 3251 601 3324 malleus
626 3251 830 3343 Florentiae,
848 3249 1018 3325 dominus
1036 3251 1217 3344 Pisarum,
1234 3252 1343 3325 Lucae

167 3380 208 3448 et
231 3373 393 3464 Pistorii3
419 3371 464 3445 de
490 3391 564 3464 quo
590 3377 699 3444 autor
725 3376 848 3443 noster
870 3391 943 3443 non
962 3370 1047 3444 lacit
1067 3371 1289 3444 mentionem
1305 3361 1341 3462 (²)

169 3494 345 3587 inopere
369 3512 450 3585 suo,
477 3491 563 3584 quia
589 3489 721 3563 claruit
746 3491 856 3584 paulo
878 3496 957 3584 post
981 3496 1137 3565 mortem
1166 3491 1255 3565 eius.
1274 3490 1345 3564 lste

167 3632 260 3708 ergo
284 3612 435 3685 literius
460 3631 507 3684 ex
533 3630 646 3704 prava
672 3610 937 3685 consuetudine
967 3617 1110 3686 tantum
1137 3610 1345 3685 delectaba-

168 3739 232 3805 tur
256 3730 476 3823 adulatione,
503 3729 602 3822 quod
627 3731 770 3802 nullum
797 3750 1006 3803 sermonem
1040 3730 1176 3803 sciebat
1211 3730 1344 3822 lacere,

52 3931 64 3946 Ι
167 3873 283 3947 quem
317 3872 390 3925 non
424 3849 588 3924 condiret
623 3850 704 3923 oleo
737 3849 972 3923 adulationis:
1008 3869 1137 3923 omnes
1171 3850 1345 3944 ungebat,

166 3992 300 4048 omnes
323 3970 496 4065 lingebat,
523 3969 633 4044 etiam
662 3970 853 4043 vilissimos
884 3977 922 4045 et
951 3969 1199 4044 mercenarios
1225 3969 1347 4042 lamu-

170 4093 245 4185 los;
271 4098 309 4166 et
334 4098 377 4163 ut
401 4090 472 4166 cito
498 4089 629 4182 dicam,
648 4094 747 4162 totus
772 4089 928 4179 colebat,
955 4096 1053 4163 totus
1079 4089 1228 4162 loetebat
1252 4089 1346 4162 adu·

168 4213 316 4287 latione.
344 4211 428 4284 ldeo
457 4210 552 4284 bene
577 4215 686 4282 autor
715 4209 886 4282 describit
918 4230 1005 4283 eum
1041 4217 1159 4286 totum
1189 4217 1344 4284 unctum

168 4336 239 4409 ista
265 4333 365 4426 laece,
391 4332 441 4405 ita
471 4338 513 4404 ut
545 4351 618 4403 non
649 4329 920 4403 discerneretur
935 4321 971 4421 (³)
1005 4331 1053 4403 ab
1086 4331 1231 4423 habitu;
1264 4336 1344 4405 erat

232 4530 260 4588 (¹)
275 4528 300 4578 S.
312 4528 464 4578 istius-E.
473 4527 552 4577 lllius.
620 4525 648 4588 (¹)
667 4531 721 4586 tte,
732 4528 889 4576 mentionem
899 4527 940 4577 rel
952 4527 1152 4590 descriptionem
1163 4526 1279 4589 inopere
1288 4539 1344 4577 suo.

235 4603 261 4668 (¹)
276 4604 302 4654 s.
319 4617 334 4654 e
352 4609 404 4665 llo,
419 4604 624 4668 dignosceretur.
