3450 5580
272 444 318 508 28
669 452 873 507 couanruu
897 452 1046 503 turcam

271 618 398 673 emere
423 604 499 671 tam
526 617 613 671 caro
639 596 767 690 praetio
793 593 1068 689 poenitudinem.
1092 593 1162 666 Sed
1182 593 1210 666 si
1229 594 1448 668 Demosthe-

272 738 337 792 nes
362 719 419 791 vir
445 717 587 812 sapiens
613 715 741 790 vitavit
765 734 950 789 venenum
969 713 1077 787 dulce
1102 713 1205 785 istius
1230 713 1447 807 meretricis,

271 844 495 912 nontamen
529 837 589 910 alii
621 842 790 931 poterant
824 835 982 909 evadere
1011 856 1032 908 a
1065 834 1206 927 laqueis
1231 834 1321 907 eius.
1353 835 1445 908 Nam

272 958 366 1031 sicut
391 957 514 1032 scribit
540 957 742 1050 Terentius,
762 955 824 1049 qui
844 955 1090 1050 propriissime
1114 954 1303 1048 descripsit
1325 976 1448 1030 mores

273 1080 448 1174 lenonum
476 1085 513 1151 et
538 1078 785 1170 adulatorum,
804 1075 872 1149 ista
896 1075 1003 1148 Thais
1029 1075 1095 1147 suit
1120 1075 1342 1149 astutissima
1367 1096 1449 1150 me·

273 1198 400 1291 retrix,
426 1198 532 1272 cuius
557 1204 657 1271 artes
682 1203 719 1271 et
744 1196 892 1270 fraudes
921 1195 1052 1269 diffuse
1084 1196 1199 1290 tangit
1224 1196 1260 1268 in
1287 1196 1447 1270 secunda
1495 1248 1497 1252 ,

275 1317 455 1391 comoedia
482 1338 566 1411 quae
592 1317 797 1390 intitulatur
822 1318 1032 1390 Eunuchus
1064 1317 1196 1389 Narrat
1225 1316 1322 1390 enim
1350 1317 1449 1409 quod

275 1437 383 1510 Thais
403 1437 552 1511 amabat
578 1435 775 1530 quemdam
800 1435 1050 1510 atheniensem
1077 1435 1225 1508 nomine
1242 1435 1448 1531 Phedriam,

274 1563 311 1631 et
337 1563 418 1650 post
443 1557 552 1629 istum
581 1557 680 1630 venit
705 1556 853 1649 quidam
887 1555 991 1629 miles
1021 1548 1214 1648 Trassol¹l,
1240 1555 1303 1648 qui
1334 1556 1450 1651 tetigit

275 1695 372 1769 eam,
387 1682 422 1748 et
448 1675 522 1770 ipsa
545 1676 656 1770 coepit
672 1695 806 1750 vacare
824 1675 879 1747 isti
897 1680 1046 1768 propter
1065 1676 1180 1768 pilare
1200 1695 1298 1747 eum.
1318 1676 1450 1750 Trasso

276 1803 473 1869 autemut
502 1802 667 1869 servaret
698 1795 764 1867 sibi
795 1815 963 1868 amorem
994 1794 1084 1888 eius,
1117 1802 1154 1868 et
1185 1797 1389 1869 retraheret
1411 1787 1447 1887 (²)

274 1935 358 1989 eam
384 1916 431 1988 ab
457 1913 782 2013 amoreIPhedriae
814 1934 926 2006 quem
957 1914 1033 2007 ipsa
1063 1914 1257 1997 videbatur
1286 1914 1449 2011 diligere,

275 2033 442 2129 promisit
466 2034 605 2107 donare
631 2032 697 2105 sibi
723 2053 835 2106 unam
862 2033 1071 2106 ancillulam
1101 2033 1294 2128 virginem,
1320 2040 1357 2107 et
1382 2034 1449 2108 ista

274 2162 425 2251 propter
450 2155 520 2228 hoc
546 2145 742 2246 nolebatd)
769 2154 924 2248 perdere
950 2175 1115 2228 amorem
1144 2155 1309 2228 Phedriae
1331 2176 1449 2248 aquo

276 2277 393 2350 multa
411 2280 602 2369 rapuerat:
622 2282 658 2348 et
680 2274 897 2350 utbreviter
914 2274 1045 2367 dicam,
1063 2277 1193 2348 Trasso
1213 2276 1308 2348 misit
1325 2274 1449 2348 Thaidi

274 2397 454 2493 virginem
470 2396 685 2489 promissam
704 2415 770 2489 per
788 2394 985 2487 quemdam
1000 2396 1170 2467 lenonem
1190 2394 1339 2468 nomine
1351 2396 1450 2469 Gna-

274 2523 413 2609 tonem,
440 2514 503 2608 qui
529 2515 666 2609 optime
684 2520 847 2602 xnoverat
871 2522 990 2587 artem
1016 2513 1198 2607 adulandi,
1220 2515 1283 2607 qui
1307 2514 1450 2589 dicebat

274 2638 321 2711 de‘
339 2657 398 2710 se:
416 2658 504 2710 cum
522 2635 683 2709 maxime
700 2634 840 2729 decipio
858 2640 947 2707 tunc
964 2634 1166 2728 triumpho;
1185 2641 1222 2709 et
1239 2635 1345 2729 hene,
1363 2635 1450 2727 quia

142 2832 144 2837 ,
171 2833 174 2839 ,
277 2757 357 2830 huis
382 2755 582 2830 adulatoris
607 2762 662 2828 est
686 2755 865 2849 decipere,
883 2755 977 2828 sicut
1002 2754 1130 2828 medici
1148 2776 1291 2848 sanare,
1310 2763 1347 2830 et
1365 2757 1450 2829 rhe-

275 2879 379 2952 torici
406 2875 640 2972 persuadere.
668 2875 786 2947 Gnate
817 2895 907 2970 ergo
933 2875 1115 2969 assignata
1143 2875 1284 2972 virgine
1313 2875 1449 2969 Thaidi,

277 3018 450 3072 reversus
475 2995 601 3069 estad
627 2995 844 3067 Trassonem
870 2994 1061 3069 dominum
1088 3017 1211 3090 suum,
1237 2995 1450 3090 qui‘petivit

277 3117 305 3189 si
333 3116 439 3189 Thais
467 3114 642 3189 retulerat
666 3120 790 3210 grates
816 3135 979 3210 magnas.
1004 3116 1198 3209 Respondit
1219 3118 1356 3190 Gnate:
1375 3116 1450 3191 imo

275 3235 460 3331 ingentes3
488 3234 591 3328 quasi
609 3233 715 3328 dicat,
734 3233 925 3327 maximas,
945 3235 1043 3308 ultra
1064 3256 1227 3330 magnas,
1252 3236 1450 3330 mirabiles,

276 3355 412 3429 nedum
431 3374 597 3450 magnas,
610 3354 697 3446 quia
715 3353 843 3448 ingens
860 3353 941 3448 plus
960 3354 1132 3448 importat
1149 3376 1260 3447 quam
1281 3376 1448 3450 magnus.

275 3475 382 3548 Nunc
407 3475 454 3549 ad
480 3475 635 3567 literam,
661 3474 745 3547 dicit
770 3480 903 3548 autor:
931 3477 963 3546 el
985 3478 1089 3564 duca,
1108 3475 1243 3548 scilicet
1267 3477 1451 3573 Virgilius,

276 3597 324 3667 mi
341 3597 433 3666 disse
451 3614 621 3687 oppresso
637 3586 704 3684 n'd,
722 3593 813 3666 idest
829 3600 911 3687 post
927 3614 971 3667 ea
990 3613 1075 3686 quaa
1091 3593 1233 3668 dixerat
1249 3595 1295 3670 de
1311 3596 1450 3691 Alexio,
1518 3693 1520 3696 Α

274 3718 326 3809 so'
344 3717 404 3787 cle
424 3717 566 3806 plnphe,
587 3713 679 3787 idest
704 3713 867 3807 impellas
894 3714 1059 3807 ulterius,
1080 3717 1107 3786 ll
1131 3717 1217 3806 tiso,
1236 3715 1369 3789 scilicet
1394 3716 1451 3789 in-

277 3835 537 3926 tellectualem,
554 3855 599 3905 un
613 3854 705 3924 poco
720 3828 780 3925 pitl
798 3841 936 3923 ovante,
955 3832 1047 3906 idest
1063 3835 1332 3926 aliquantulum
1354 3837 1451 3910 ultra

275 3947 505 4046 hleidumei
529 3955 590 4025 che
614 3955 778 4042 attingite,
800 3952 891 4026 idest
916 3953 965 4026 ita
992 3953 1091 4046 quod
1114 3954 1209 4028 bene
1232 3955 1390 4050 attingas
1415 3962 1452 4029 et

277 4092 487 4168 cognoscas,
513 4094 579 4145 con
603 4077 654 4163 gli
678 4074 773 4144 cccli
798 4075 833 4143 lu
856 4076 973 4165 socna
998 4075 1036 4144 di
1061 4078 1174 4164 quella
1198 4096 1311 4147 sezzo
1335 4078 1453 4167 scupi-

277 4195 388 4281 pliutu
409 4195 517 4285 sante.
545 4193 589 4264 Et
619 4192 701 4265 vide
730 4191 917 4284 quomodo
951 4192 1046 4265 bene
1075 4191 1244 4267 describit
1276 4195 1449 4269 Thaidam

277 4311 441 4406 proprie;
469 4313 554 4404 quia
581 4312 679 4386 enim
698 4318 779 4386 erat
803 4319 878 4386 tam
900 4313 1028 4407 pulcra
1054 4321 1090 4387 et
1116 4314 1237 4389 fucata
1254 4303 1290 4406 (⁴)
1311 4315 1346 4387 in
1364 4315 1451 4408 vita,

198 4511 202 4518 ·
341 4497 368 4557 (¹)
386 4500 439 4556 tto,
456 4498 561 4548 nomine
579 4498 675 4547 Traxo.
951 4495 978 4559 (¹)
995 4497 1026 4547 E.
1043 4499 1167 4549 traheret.

341 4571 368 4635 (Ἴ
384 4572 414 4622 Ε.
432 4574 543 4624 volebat.
951 4577 977 4637 (⁸)
996 4578 1050 4636 tta,
1067 4575 1159 4627 fricata
1176 4578 1201 4626 iu
1219 4576 1279 4627 riu.
