3450 5580
276 442 320 507 10
673 446 876 501 couunvuu
901 446 1055 500 runcum

270 597 325 670 cti
355 596 447 684 miei,
473 582 607 665 scilicet
638 588 909 680 intellectuales,
932 591 1066 681 [toron
1095 586 1264 658 scontoti
1294 586 1332 657 io
1361 605 1444 676 uno,

272 714 359 810 quia
376 708 414 806 (¹)
445 733 542 787 unus
574 711 737 784 famosus
768 707 930 782 occurrit
960 705 1197 801 speculationi
1227 726 1316 799 suae,
1347 726 1445 778 men-

273 839 316 909 ti
329 839 365 908 io
390 836 549 923 amnon,
574 830 665 905 idest
690 827 836 902 interim
862 827 952 901 dum
970 827 1021 900 sic
1038 827 1131 900 irem
1149 847 1215 921 per
1233 827 1349 922 ripam
1369 845 1448 900 me-

272 954 420 1029 ditando
445 956 527 1046 post
552 948 754 1044 Virgilium.
773 948 817 1020 Et
835 947 893 1020 hic
914 953 1000 1019 nota
1017 946 1128 1040 quod,
1147 946 1241 1020 sicut
1253 947 1332 1041 jam
1355 965 1452 1040 saepe

272 1071 420 1168 potuisti
433 1068 671 1167 perpendere,
685 1066 832 1160 quando
847 1072 957 1140 autor
971 1066 1048 1138 vult
1065 1065 1274 1140 describere
1287 1065 1450 1160 aliquam

273 1213 354 1270 rem
390 1193 511 1266 levem
542 1187 644 1284 tingit
675 1207 716 1261 se
741 1186 866 1260 videre
900 1206 983 1260 eam
1017 1186 1263 1279 ambuland03
1302 1187 1450 1280 quando

273 1333 363 1388 vero
389 1332 470 1386 rem
495 1308 679 1384 difficilem
699 1309 757 1382 vel
775 1306 1009 1402 incognitam,
1031 1306 1134 1403 fingit
1159 1327 1199 1380 se
1224 1306 1390 1401 firmare;
1413 1314 1450 1381 et

274 1440 361 1508 tunc
387 1432 473 1506 iacit
496 1431 654 1527 signum,
681 1427 854 1523 quodibi
879 1433 936 1502 est
960 1448 1053 1523 opus
1078 1427 1209 1502 maiori
1242 1428 1452 1503 considera-

272 1553 381 1627 tione.
408 1552 452 1625 Et
477 1550 633 1626 ostendit
658 1548 756 1643 quod
783 1547 906 1623 statim
936 1547 1192 1643 recognoverit
1221 1547 1337 1640 illum,
1364 1547 1451 1642 quia

272 1672 411 1747 viderat
437 1693 526 1747 eum
550 1670 588 1744 in
614 1670 704 1763 vita3
731 1668 831 1742 unde
847 1667 951 1741 dicit:
970 1675 1004 1740 et
1016 1659 1099 1740 ioci
1120 1674 1207 1740 tosto
1227 1669 1326 1758 dissi,
1344 1667 1450 1761 quasi

211 1798 215 1804 “
271 1792 389 1867 dicat:
416 1798 493 1867 tam
525 1790 596 1866 cito
622 1809 736 1883 quam
771 1787 842 1862 cito
869 1785 942 1861 vidi
968 1807 1067 1879 eum,
1101 1787 1179 1861 sine
1213 1807 1318 1862 mora
1351 1787 1448 1860 dixi:

271 1934 432 1986 concon
457 1901 518 2003 yid
543 1913 687 2002 dipiuno
711 1910 749 1981 di
774 1910 879 1981 ceder
904 1911 1025 1998 coetui,
1049 1907 1153 2001 quasi
1179 1906 1275 1981 dicat
1290 1898 1347 1999 (²):
1376 1907 1451 1981 imo

273 2039 387 2125 satur,
414 2031 502 2125 quia
527 2029 664 2124 pluries
689 2027 831 2101 viderat
856 2047 945 2102 eum
971 2026 1110 2119 vivum,
1137 2026 1242 2119 quasi
1271 2026 1367 2101 dicat
1394 2032 1449 2101 ta-

274 2152 355 2245 cite,
382 2150 482 2244 quod
507 2148 637 2223 oculus
662 2147 741 2222 eius
766 2146 970 2223 fastidiebat
986 2152 1023 2220 et
1039 2146 1298 2242 indignabatur
1324 2145 1451 2221 videre

275 2272 398 2346 virum
417 2269 576 2343 nobilem
595 2268 658 2362 qui
675 2272 751 2341 tam
772 2267 891 2342 viliter
908 2267 1145 2363 prostituerat
1162 2288 1313 2342 carnem
1331 2288 1448 2341 suam.

274 2390 319 2463 Et
344 2389 499 2463 ostendit
516 2388 702 2482 quomodo
720 2389 978 2484 recognoverit
994 2409 1094 2481 eum,
1112 2388 1235 2463 dicens
1246 2414 1255 2462 :
1268 2381 1359 2481 perd
1373 2391 1450 2480 fissi

272 2512 415 2603 tpiedi,
440 2509 531 2584 idest
555 2509 700 2583 firmavi
727 2529 798 2602 me,
826 2509 930 2602 quasi
960 2508 1077 2582 dicat:
1105 2510 1256 2604 apposui
1286 2509 1451 2585 affcctio-

275 2650 360 2705 nem
387 2627 499 2702 animi
519 2628 566 2702 ad
583 2629 678 2703 bene
703 2628 998 2724 cognoscendum
1020 2648 1120 2722 eum,
1133 2650 1203 2721 per
1226 2633 1450 2721 affigurarlo:

274 2752 307 2822 cl
329 2755 444 2840 Doce,
469 2748 604 2823 scilicet
637 2748 809 2844 Virgilius
837 2747 1014 2841 similiter,
1047 2750 1080 2820 si
1108 2751 1235 2822 ristcttc
1263 2757 1296 2822 et
1323 2743 1452 2824 essenti

274 2870 325 2940 ct'
339 2872 506 2960 alqumtm
530 2870 617 2957 post
640 2870 811 2959 tudietrm
829 2868 899 2941 hoc
924 2866 1009 2940 dicit
1025 2874 1145 2962 autor,
1167 2868 1252 2962 quia
1270 2869 1320 2943 sic
1338 2891 1452 2965 expe-

277 2988 415 3079 diebat3
442 3006 526 3059 nam
555 2986 688 3061 umbra
713 2986 874 3060 Venetici
900 2988 1075 3061 currebat
1092 2989 1267 3064 velociter
1284 3000 1370 3067 ante
1396 2991 1452 3064 i-

275 3106 371 3180 ciem
397 3104 571 3178 daemonis
597 3105 850 3199 persequentis
866 3097 902 3198 (³)
930 3127 1018 3181 eum
1045 3108 1193 3183 scutica.
1217 3109 1334 3184 dulor
1360 3131 1450 3185 vcro

274 3227 349 3301 ibat
374 3245 532 3319 morose,
557 3224 640 3299 ideo
669 3225 876 3300 necessario
910 3227 1068 3301 babebat
1099 3229 1344 3323 retrocedere,
1377 3228 1452 3302 imo

274 3346 413 3419 mirum
446 3352 500 3419 est
534 3345 721 3438 quomodo
753 3366 918 3439 unquam
954 3348 1115 3441 potuerit
1148 3348 1330 3444 attingere
1362 3368 1450 3422 cum

275 3464 342 3538 nisi
368 3485 454 3538 cum
472 3463 565 3558 pede
584 3464 744 3538 mentali.
759 3503 808 3517 -
821 3469 854 3536 Ε
868 3469 955 3556 quel.
974 3467 1039 3540 llic
1057 3477 1167 3543 autor
1184 3467 1340 3541 ostendit
1358 3489 1453 3561 qua-

274 3584 357 3658 liter
382 3582 575 3679 praedictus
600 3583 748 3678 spiritus
772 3591 972 3679 perventus
996 3587 1044 3660 ab
1069 3594 1202 3662 autore
1225 3588 1384 3662 voluerit
1411 3607 1451 3661 se

274 3701 511 3796 abscondere,
536 3702 599 3777 sed
624 3724 698 3777 non
724 3705 858 3799 potuit3
886 3705 983 3780 unde
1008 3705 1116 3781 dicit:
1142 3729 1161 3781 e
1185 3710 1265 3799 quel
1284 3710 1451 3799 frustum,

274 3823 366 3898 idest
390 3822 594 3919 fustigatus,
611 3827 643 3897 si
666 3828 812 3899 crcdcttc
837 3828 933 3898 celor
958 3829 1132 3900 cttnondo
1156 3830 1184 3900 il
1209 3830 1304 3920 viso,
1322 3834 1359 3902 et
1380 3827 1451 3900 hoc

273 3943 368 4017 bene
394 3942 507 4039 lingit,
533 3943 620 4036 quia
645 3943 742 4018 istud
768 3944 899 4018 vitium
924 3954 979 4020 est
1004 3966 1150 4042 magnae
1172 3946 1342 4042 iniamiae,
1368 3948 1452 4022 licet

274 4082 399 4156 parvae
424 4062 557 4155 culpae;
583 4061 666 4136 ideo
691 4082 838 4136 summe
867 4063 1188 4139 verecundabatur
1217 4067 1389 4163 cognosci
1414 4067 1450 4139 in

273 4180 336 4254 tali
362 4185 447 4254 actu
474 4200 559 4254 cum
591 4181 718 4256 luisset
752 4180 856 4255 miles
885 4183 1013 4256 nobilis
1039 4190 1076 4258 et
1105 4186 1342 4281 magnificus3
1370 4187 1452 4260 ideo

272 4298 414 4394 pondus
451 4299 601 4393 pudoris
638 4300 769 4376 deiecit
806 4300 937 4375 faciem
970 4323 1078 4377 suam
1114 4305 1161 4379 ad
1198 4313 1349 4398 terram,
1388 4305 1450 4380 sed

337 4482 365 4546 (¹)
382 4483 412 4532 li.
428 4485 489 4547 quia
505 4483 605 4535 scilicet
621 4500 697 4536 unus.
877 4485 904 4549 (¹)
921 4487 951 4537 Ε.
967 4490 1040 4552 quasi
1056 4490 1138 4540 dicut:
1156 4497 1228 4540 sutor
1243 4503 1303 4540 oum
1319 4491 1388 4553 quia.

336 4559 363 4622 (⁸)
378 4560 403 4611 S.
420 4563 597 4626 persequentis
612 4576 682 4614 eum.
700 4564 787 4616 Autor
803 4578 874 4616 vero.
884 4589 916 4602 -
926 4564 956 4615 lt.
974 4567 1151 4632 persequentis
1167 4579 1229 4617 cum
1245 4566 1350 4616 scutica.
