3450 5580
605 467 745 524 caurus
770 471 927 526 nunnus
951 471 1121 527 oeravus.
1401 463 1447 527 27

274 634 347 686 non
371 613 497 687 audivi
522 614 638 688 alium
669 615 824 688 similem
855 616 997 691 caeteris
1026 616 1187 712 paribus,
1217 618 1447 692 considerato

273 734 371 827 quod
406 734 502 809 istud
519 727 556 826 (¹)
590 735 699 809 debet
731 755 811 810 esse
845 737 1007 810 officium
1029 738 1293 834 joculatorum,
1320 760 1449 814 servo-

274 875 372 948 rum,
392 856 646 949 meretricum,
664 863 701 930 et
723 876 798 929 non
815 857 986 931 convenit
1010 857 1074 930 uni
1101 858 1210 931 nobili
1233 859 1346 932 militi.
1365 860 1450 934 ldeo

272 973 355 1049 ride
382 976 482 1068 quod
506 982 615 1049 autor
640 976 677 1048 in
703 975 804 1049 omni
824 996 962 1070 genere
979 982 1147 1070 conatur,
1167 986 1208 1050 ut
1232 976 1448 1072 plurimum,

272 1092 395 1168 lacere
413 1095 636 1170 mentionem
655 1094 701 1168 de
717 1095 841 1187 aliquo
858 1096 938 1170 viro
957 1096 1122 1189 notabili;
1141 1096 1222 1170 ideo
1241 1097 1342 1170 dicit:
1360 1089 1450 1190 perd

271 1218 481 1306 tadocctio,
506 1216 599 1291 idest
623 1217 732 1290 oculo
758 1222 857 1309 noto,
873 1212 937 1308 pit
961 1219 1022 1290 cla
1045 1221 1096 1307 912·
1119 1220 1204 1290 alm
1229 1221 1322 1310 11111·,·
1341 1224 1378 1291 et
1398 1217 1449 1290 sic

271 1341 374 1429 potes
402 1336 526 1410 videre
552 1336 700 1429 quando
725 1335 793 1409 luit
823 1338 934 1410 homo
965 1336 1044 1429 iste,
1077 1336 1163 1430 quia
1193 1337 1328 1411 scilicet
1356 1344 1450 1410 tern-

270 1474 362 1548 pore
378 1455 529 1529 autoris.
549 1455 593 1528 Et
610 1455 710 1550 ponit
724 1456 998 1550 responsionem
1013 1456 1107 1530 illius
1120 1457 1322 1532 confitentis
1341 1478 1448 1531 suam

271 1574 418 1668 eulpam
433 1564 471 1666 (¹)
497 1595 648 1649 causam
674 1595 752 1649 snae
777 1574 1030 1650 damnationis.
1062 1576 1164 1650 Unde
1189 1577 1296 1653 dicit:
1323 1584 1357 1649 et
1380 1580 1449 1669 elli,

270 1695 409 1769 scilicet
432 1695 581 1770 Alexius
606 1696 802 1790 respondit,
829 1698 936 1786 altor,
963 1696 1055 1771 idest
1080 1705 1178 1790 tunc,
1196 1698 1388 1769 betendost
1413 1702 1449 1770 lu

269 1836 394 1906 zucco,
412 1815 504 1888 idest
529 1816 736 1910 percutiens
761 1816 829 1889 sibi
849 1822 959 1910 caput
985 1837 1071 1890 cum
1098 1837 1212 1890 manu
1239 1817 1448 1912 insignum

273 1933 426 2028 doloris,
453 1956 526 2008 non
553 1941 677 2009 tamen
702 1935 828 2009 debuit
854 1936 920 2009 sibi
945 1936 1068 2011 lacere
1090 1957 1267 2033 magnum
1294 1937 1448 2029 malum,

270 2055 358 2148 quia
377 2076 510 2128 manus
536 2066 617 2131 erat
642 2063 716 2128 tota
743 2055 861 2128 mollis
887 2063 924 2129 et
949 2056 1092 2152 pinguis
1116 2058 1177 2131 tali
1204 2057 1395 2131 unctione:
1419 2060 1450 2129 te

273 2177 428 2266 toseapm
453 2178 596 2265 ood’a‘o,
622 2174 713 2248 idest
738 2196 759 2248 a
787 2175 920 2267 quibus
946 2195 1027 2272 ego,
1046 2198 1118 2249 non
1139 2178 1213 2249 ebbi
1237 2180 1310 2249 moi
1326 2181 1362 2249 la
1380 2180 1449 2248 ltn-

269 2316 343 2386 111
375 2302 505 2387 stncca,
536 2296 629 2369 idest
662 2303 841 2388 saturam,
872 2296 1015 2390 saliam,
1041 2296 1207 2390 stullam;
1239 2317 1326 2372 ecce
1358 2317 1450 2392 ergo

272 2435 423 2490 causam
440 2406 478 2506 (³)
504 2415 590 2509 quia
616 2422 725 2489 autor
751 2415 901 2489 damnat
927 2436 1013 2489 eum
1040 2416 1110 2509 hic,
1132 2418 1218 2510 quia
1240 2438 1446 2511 numquam

270 2535 330 2610 illa
357 2536 482 2631 lingua
508 2537 596 2610 vidit
627 2556 668 2609 se
697 2537 811 2609 semel
837 2523 1019 2625 satiaml‘)
1045 2535 1265 2631 adulatione,
1292 2538 1341 2610 ita
1368 2544 1451 2611 erat

271 2663 471 2750 corruptus
486 2662 559 2727 tam
576 2655 635 2730 vili
651 2654 1154 2746 delectatione-Appreaso.
1173 2656 1238 2728 Hic
1256 2662 1365 2729 antor
1381 2656 1448 2728 de-

270 2776 407 2870 scripto
433 2796 509 2849 uno
535 2775 682 2848 notabili
694 2765 731 2865 (⁵)
757 2774 949 2848 adulatore
974 2775 1165 2867 moderno,
1189 2796 1287 2848 nunc
1312 2775 1450 2848 descri-

272 2894 324 2968 bit
354 2916 468 2968 unam
504 2895 700 2968 mulierem
733 2894 922 2987 antiquam
958 2894 1160 2969 maximam
1194 2895 1449 2969 adulatricem.

273 3016 328 3091 nd
354 3015 461 3090 cuius
486 3015 705 3090 evidentiam
727 3021 782 3089 est
798 3014 999 3110 selendum,
1021 3016 1120 3109 quod
1140 3016 1246 3089 Thais
1268 3016 1336 3089 luit
1361 3016 1449 3089 olim

273 3135 537 3210 formosissima
558 3142 595 3208 et
612 3134 851 3208 famosissima
869 3125 905 3225 (⁶)
927 3135 1102 3209 meretrix
1121 3136 1158 3208 in
1176 3136 1321 3210 civitate
1338 3135 1451 3210 Athe-

272 3278 421 3350 narum,
448 3277 532 3350 quae
559 3255 616 3329 sui
640 3255 886 3350 pulcritudine
912 3263 949 3329 et
973 3256 1184 3331 adulatione
1213 3257 1323 3330 etiam
1351 3257 1450 3330 viros

272 3377 594 3454 excellentissimos
619 3376 798 3450 alliciebat
820 3377 866 3450 ad
888 3376 945 3449 sni
962 3397 1142 3451 amorem.
1161 3377 1264 3452 Unde
1282 3377 1451 3450 Valerius

274 3499 398 3574 scribit
422 3498 521 3592 quod
547 3497 810 3570 Demosthenes
836 3497 899 3589 qui
926 3497 994 3573 luit
1019 3504 1142 3571 tantus
1172 3498 1208 3570 in
1240 3496 1450 3590 eloquentia

272 3619 372 3715 apud
396 3639 548 3715 graecos,
567 3622 727 3710 quantus
750 3616 876 3690 Cicero
901 3616 1000 3710 apud
1026 3617 1167 3711 latinoS,
1184 3618 1299 3691 semel
1326 3637 1451 3690 acces-

272 3741 319 3818 sit
335 3739 382 3813 ad
399 3759 587 3813 cameram
605 3737 696 3831 eius,
714 3744 752 3810 et
768 3736 921 3810 audiens
941 3737 1040 3829 quod
1058 3736 1117 3809 illa
1135 3737 1282 3830 petebat
1299 3742 1450 3809 centum

273 3861 411 3937 talenta
424 3859 460 3931 in
474 3858 643 3953 praetium
662 3856 826 3948 libidinis,
840 3856 949 3928 dixit:
966 3857 1051 3929 nolo
1071 3875 1197 3929 emere
1215 3855 1303 3927 tanti
1317 3844 1353 3946 (⁷)
1370 3874 1451 3948 poe-

273 3981 403 4055 nitere.
422 3979 565 4053 Sciebat
590 3978 687 4052 enirn
710 3978 984 4070 Demosthenes,
1002 3976 1101 4069 quod
1118 3996 1165 4049 ex
1182 3982 1269 4048 actu
1290 3993 1452 4048 venereo

272 4119 421 4194 semper
438 4099 604 4192 sequitur
628 4096 841 4192 poenitentia
866 4104 904 4170 et
927 4095 1168 4191 displicentia3
1195 4095 1278 4170 ideo
1303 4094 1452 4168 nolebat

338 4293 365 4354 (¹)
383 4297 436 4351 tra,
453 4292 520 4342 istud
537 4307 589 4342 uon
605 4296 671 4343 esset
688 4290 811 4341 cilicium.

338 4365 367 4432 (¹)
383 4368 414 4418 Ε.
431 4369 543 4431 culpam,
559 4380 664 4431 suasque
681 4367 852 4416 damnationis
869 4381 981 4417 cauum.

338 4443 365 4508 (¹)
383 4445 412 4495 li.
429 4459 445 4496 a
462 4450 516 4506 116,
533 4459 637 4496 causam
653 4458 734 4509 quare
752 4448 835 4494 autor.
1010 4444 1037 4506 (¹)
1054 4444 1084 4495 Ε.
1101 4446 1226 4495 satiatam.

337 4521 366 4584 (¹)
383 4522 412 4572 E.
429 4522 517 4573 nobili.
1011 4520 1039 4582 (⁸)
1056 4521 1086 4571 Ε.
1104 4521 1210 4571 lamam.

339 4596 367 4660 Ρ)
385 4601 438 4658 tlt,
456 4604 557 4649 tantum
574 4600 738 4660 paenitentiae.
