<?xml version="1.0" encoding="UTF-8"?>
<!DOCTYPE html PUBLIC "-//W3C//DTD XHTML 1.0 Transitional//EN"
    "http://www.w3.org/TR/xhtml1/DTD/xhtml1-transitional.dtd">
<html xmlns="http://www.w3.org/1999/xhtml" xml:lang="en" lang="en">
 <head>
  <title>
</title>
<meta http-equiv="Content-Type" content="text/html;charset=utf-8" />
  <meta name='ocr-system' content='tesseract 3.04.00' />
  <meta name='ocr-capabilities' content='ocr_page ocr_carea ocr_par ocr_line ocrx_word'/>
</head>
<body>
  <div class='ocr_page' id='page_1' title='image "benevenutideram00benvgoog_0053.png"; bbox 0 0 3450 5580; ppageno 0'>
   <div class='ocr_carea' id='block_1_1' title="bbox 270 450 1041 514">
    <p class='ocr_par' dir='ltr' id='par_1_1' title="bbox 270 450 1041 514">
     <span class='ocr_line' id='line_1_1' title="bbox 270 450 1041 514; baseline -0.009 0"><span class='ocrx_word' id='word_1_1' title='bbox 270 450 324 514; x_wconf 76' lang='lat' dir='ltr'><strong>to·</strong></span> <span class='ocrx_word' id='word_1_2' title='bbox 661 458 866 512; x_wconf 84' lang='lat' dir='ltr'><strong>couuurum</strong></span> <span class='ocrx_word' id='word_1_3' title='bbox 891 458 1041 508; x_wconf 82' lang='lat' dir='ltr'><strong>mrunur</strong></span> 
     </span>
    </p>
   </div>
   <div class='ocr_carea' id='block_1_2' title="bbox 269 598 1448 2017">
    <p class='ocr_par' dir='ltr' id='par_1_2' title="bbox 269 598 1448 2017">
     <span class='ocr_line' id='line_1_2' title="bbox 269 598 1443 678; baseline -0.008 0"><span class='ocrx_word' id='word_1_4' title='bbox 269 604 454 678; x_wconf 82' lang='lat' dir='ltr'><strong>consessor</strong></span> <span class='ocrx_word' id='word_1_5' title='bbox 480 603 686 677; x_wconf 88' lang='lat' dir='ltr'><strong>necessario</strong></span> <span class='ocrx_word' id='word_1_6' title='bbox 709 603 857 676; x_wconf 92' lang='lat' dir='ltr'><strong>inclinat</strong></span> <span class='ocrx_word' id='word_1_7' title='bbox 882 621 1012 674; x_wconf 88' lang='lat' dir='ltr'><strong>aurem</strong></span> <span class='ocrx_word' id='word_1_8' title='bbox 1040 621 1147 672; x_wconf 93' lang='lat' dir='ltr'><strong>suam</strong></span> <span class='ocrx_word' id='word_1_9' title='bbox 1172 598 1217 672; x_wconf 95' lang='lat' dir='ltr'><strong>ad</strong></span> <span class='ocrx_word' id='word_1_10' title='bbox 1244 605 1384 672; x_wconf 87' lang='lat' dir='ltr'><strong>terram</strong></span> <span class='ocrx_word' id='word_1_11' title='bbox 1406 604 1443 672; x_wconf 89' lang='lat' dir='ltr'><strong>et</strong></span> 
     </span>
     <span class='ocr_line' id='line_1_3' title="bbox 270 717 1445 816; baseline -0.008 -19"><span class='ocrx_word' id='word_1_12' title='bbox 270 729 407 798; x_wconf 89' lang='lat' dir='ltr'><strong>attente</strong></span> <span class='ocrx_word' id='word_1_13' title='bbox 427 725 608 797; x_wconf 78' lang='lat' dir='ltr'>auscultat</span> <span class='ocrx_word' id='word_1_14' title='bbox 633 723 755 816; x_wconf 81' lang='lat' dir='ltr'><strong>illum3</strong></span> <span class='ocrx_word' id='word_1_15' title='bbox 779 722 828 795; x_wconf 89' lang='lat' dir='ltr'><strong>ita</strong></span> <span class='ocrx_word' id='word_1_16' title='bbox 853 742 875 794; x_wconf 91' lang='lat' dir='ltr'><strong>a</strong></span> <span class='ocrx_word' id='word_1_17' title='bbox 901 719 1007 794; x_wconf 88' lang='lat' dir='ltr'><strong>simili</strong></span> <span class='ocrx_word' id='word_1_18' title='bbox 1027 719 1146 793; x_wconf 89' lang='lat' dir='ltr'><strong>stabat</strong></span> <span class='ocrx_word' id='word_1_19' title='bbox 1166 724 1276 791; x_wconf 88' lang='lat' dir='ltr'><strong>autor</strong></span> <span class='ocrx_word' id='word_1_20' title='bbox 1302 717 1361 790; x_wconf 92' lang='lat' dir='ltr'><strong>bic</strong></span> <span class='ocrx_word' id='word_1_21' title='bbox 1387 717 1445 789; x_wconf 95' lang='lat' dir='ltr'><strong>in-</strong></span> 
     </span>
     <span class='ocr_line' id='line_1_4' title="bbox 270 837 1444 938; baseline -0.008 -20"><span class='ocrx_word' id='word_1_22' title='bbox 270 846 423 918; x_wconf 90' lang='lat' dir='ltr'><strong>clinatus</strong></span> <span class='ocrx_word' id='word_1_23' title='bbox 457 850 652 938; x_wconf 84' lang='lat' dir='ltr'><strong>expectans</strong></span> <span class='ocrx_word' id='word_1_24' title='bbox 686 849 825 916; x_wconf 88' lang='lat' dir='ltr'><strong>attente</strong></span> <span class='ocrx_word' id='word_1_25' title='bbox 857 841 1131 935; x_wconf 84' lang='lat' dir='ltr'><strong>responsionem</strong></span> <span class='ocrx_word' id='word_1_26' title='bbox 1158 839 1253 912; x_wconf 92' lang='lat' dir='ltr'><strong>illius</strong></span> <span class='ocrx_word' id='word_1_27' title='bbox 1283 837 1444 932; x_wconf 89' lang='lat' dir='ltr'><strong>plantati.</strong></span> 
     </span>
     <span class='ocr_line' id='line_1_5' title="bbox 272 957 1445 1059; baseline -0.007 -23"><span class='ocrx_word' id='word_1_28' title='bbox 272 965 362 1037; x_wconf 83' lang='lat' dir='ltr'><strong>Dicit</strong></span> <span class='ocrx_word' id='word_1_29' title='bbox 388 984 501 1059; x_wconf 80' lang='lat' dir='ltr'><strong>ergo:</strong></span> <span class='ocrx_word' id='word_1_30' title='bbox 528 968 569 1036; x_wconf 88' lang='lat' dir='ltr'><strong>Io</strong></span> <span class='ocrx_word' id='word_1_31' title='bbox 586 971 701 1053; x_wconf 78' lang='lat' dir='ltr'><strong>stava,</strong></span> <span class='ocrx_word' id='word_1_32' title='bbox 719 962 854 1036; x_wconf 89' lang='lat' dir='ltr'><strong>scilicet</strong></span> <span class='ocrx_word' id='word_1_33' title='bbox 872 982 958 1034; x_wconf 92' lang='lat' dir='ltr'><strong>cum</strong></span> <span class='ocrx_word' id='word_1_34' title='bbox 977 982 1070 1034; x_wconf 87' lang='lat' dir='ltr'><strong>aure</strong></span> <span class='ocrx_word' id='word_1_35' title='bbox 1090 961 1199 1055; x_wconf 79' lang='lat' dir='ltr'><strong>juxta</strong></span> <span class='ocrx_word' id='word_1_36' title='bbox 1225 981 1266 1033; x_wconf 92' lang='lat' dir='ltr'><strong>os</strong></span> <span class='ocrx_word' id='word_1_37' title='bbox 1293 957 1445 1032; x_wconf 81' lang='lat' dir='ltr'><strong>torami-</strong></span> 
     </span>
     <span class='ocr_line' id='line_1_6' title="bbox 274 1080 1446 1178; baseline -0.005 -21"><span class='ocrx_word' id='word_1_38' title='bbox 274 1085 339 1178; x_wconf 75' lang='lat' dir='ltr'><strong>niS,</strong></span> <span class='ocrx_word' id='word_1_39' title='bbox 365 1106 460 1157; x_wconf 85' lang='lat' dir='ltr'><strong>come</strong></span> <span class='ocrx_word' id='word_1_40' title='bbox 476 1087 502 1156; x_wconf 87' lang='lat' dir='ltr'><strong>&#39;l</strong></span> <span class='ocrx_word' id='word_1_41' title='bbox 520 1088 629 1178; x_wconf 77' lang='lat' dir='ltr'><strong>fruta,</strong></span> <span class='ocrx_word' id='word_1_42' title='bbox 656 1083 747 1156; x_wconf 90' lang='lat' dir='ltr'><strong>idest</strong></span> <span class='ocrx_word' id='word_1_43' title='bbox 771 1082 902 1175; x_wconf 88' lang='lat' dir='ltr'><strong>aliquis</strong></span> <span class='ocrx_word' id='word_1_44' title='bbox 928 1081 1120 1175; x_wconf 84' lang='lat' dir='ltr'><strong>religiosus</strong></span> <span class='ocrx_word' id='word_1_45' title='bbox 1144 1080 1325 1173; x_wconf 80' lang='lat' dir='ltr'><strong>sacerdos,</strong></span> <span class='ocrx_word' id='word_1_46' title='bbox 1352 1080 1446 1153; x_wconf 90' lang='lat' dir='ltr'><strong>sicut</strong></span> 
     </span>
     <span class='ocr_line' id='line_1_7' title="bbox 273 1201 1445 1297; baseline -0.005 -21"><span class='ocrx_word' id='word_1_47' title='bbox 273 1203 421 1297; x_wconf 88' lang='lat' dir='ltr'><strong>quidam</strong></span> <span class='ocrx_word' id='word_1_48' title='bbox 448 1204 560 1276; x_wconf 84' lang='lat' dir='ltr'><strong>frater</strong></span> <span class='ocrx_word' id='word_1_49' title='bbox 587 1203 706 1275; x_wconf 90' lang='lat' dir='ltr'><strong>minor</strong></span> <span class='ocrx_word' id='word_1_50' title='bbox 733 1203 791 1275; x_wconf 90' lang='lat' dir='ltr'><strong>vel</strong></span> <span class='ocrx_word' id='word_1_51' title='bbox 816 1201 1043 1295; x_wconf 84' lang='lat' dir='ltr'><strong>praedicator‚</strong></span> <span class='ocrx_word' id='word_1_52' title='bbox 1061 1203 1120 1272; x_wconf 86' lang='lat' dir='ltr'><strong>cbe</strong></span> <span class='ocrx_word' id='word_1_53' title='bbox 1145 1204 1304 1293; x_wconf 79' lang='lat' dir='ltr'><strong>consessa</strong></span> <span class='ocrx_word' id='word_1_54' title='bbox 1320 1202 1348 1271; x_wconf 83' lang='lat' dir='ltr'><strong>tl</strong></span> <span class='ocrx_word' id='word_1_55' title='bbox 1359 1220 1445 1289; x_wconf 84' lang='lat' dir='ltr'><strong>per·-</strong></span> 
     </span>
     <span class='ocr_line' id='line_1_8' title="bbox 270 1318 1444 1415; baseline -0.005 -19"><span class='ocrx_word' id='word_1_56' title='bbox 270 1326 344 1415; x_wconf 79' lang='lat' dir='ltr'><strong>fido</strong></span> <span class='ocrx_word' id='word_1_57' title='bbox 370 1325 562 1413; x_wconf 64' lang='lat' dir='ltr'><strong>assasque,</strong></span> <span class='ocrx_word' id='word_1_58' title='bbox 588 1322 679 1394; x_wconf 90' lang='lat' dir='ltr'><strong>idest</strong></span> <span class='ocrx_word' id='word_1_59' title='bbox 704 1322 917 1415; x_wconf 79' lang='lat' dir='ltr'><strong>perdentem</strong></span> <span class='ocrx_word' id='word_1_60' title='bbox 952 1320 1059 1393; x_wconf 89' lang='lat' dir='ltr'><strong>fidem</strong></span> <span class='ocrx_word' id='word_1_61' title='bbox 1092 1320 1156 1411; x_wconf 93' lang='lat' dir='ltr'><strong>qui</strong></span> <span class='ocrx_word' id='word_1_62' title='bbox 1187 1319 1306 1413; x_wconf 88' lang='lat' dir='ltr'><strong>prodit</strong></span> <span class='ocrx_word' id='word_1_63' title='bbox 1331 1318 1444 1391; x_wconf 90' lang='lat' dir='ltr'><strong>alium</strong></span> 
     </span>
     <span class='ocr_line' id='line_1_9' title="bbox 274 1434 1447 1538; baseline -0.003 -22"><span class='ocrx_word' id='word_1_64' title='bbox 274 1464 340 1538; x_wconf 90' lang='lat' dir='ltr'><strong>pro</strong></span> <span class='ocrx_word' id='word_1_65' title='bbox 358 1443 513 1537; x_wconf 89' lang='lat' dir='ltr'><strong>pecunia</strong></span> <span class='ocrx_word' id='word_1_66' title='bbox 528 1434 565 1533; x_wconf 75' lang='lat'><strong>(¹)</strong></span> <span class='ocrx_word' id='word_1_67' title='bbox 585 1441 642 1516; x_wconf 88' lang='lat' dir='ltr'><strong>vel</strong></span> <span class='ocrx_word' id='word_1_68' title='bbox 660 1442 766 1514; x_wconf 88' lang='lat' dir='ltr'><strong>simili</strong></span> <span class='ocrx_word' id='word_1_69' title='bbox 785 1442 905 1535; x_wconf 85' lang='lat' dir='ltr'><strong>modo,</strong></span> <span class='ocrx_word' id='word_1_70' title='bbox 924 1444 983 1513; x_wconf 77' lang='lat' dir='ltr'><strong>clu</strong></span> <span class='ocrx_word' id='word_1_71' title='bbox 999 1444 1171 1514; x_wconf 80' lang='lat' dir='ltr'><strong>riclu&#39;umu</strong></span> <span class='ocrx_word' id='word_1_72' title='bbox 1189 1444 1250 1532; x_wconf 86' lang='lat' dir='ltr'><strong>lui,</strong></span> <span class='ocrx_word' id='word_1_73' title='bbox 1268 1441 1360 1513; x_wconf 88' lang='lat' dir='ltr'><strong>idest</strong></span> <span class='ocrx_word' id='word_1_74' title='bbox 1386 1459 1447 1513; x_wconf 89' lang='lat' dir='ltr'><strong>re·</strong></span> 
     </span>
     <span class='ocr_line' id='line_1_10' title="bbox 274 1561 1447 1656; baseline -0.003 -20"><span class='ocrx_word' id='word_1_75' title='bbox 274 1570 381 1636; x_wconf 86' lang='lat' dir='ltr'><strong>vocat</strong></span> <span class='ocrx_word' id='word_1_76' title='bbox 406 1564 509 1635; x_wconf 93' lang='lat' dir='ltr'><strong>illum</strong></span> <span class='ocrx_word' id='word_1_77' title='bbox 536 1563 795 1655; x_wconf 82' lang='lat' dir='ltr'><strong>consessorem,</strong></span> <span class='ocrx_word' id='word_1_78' title='bbox 817 1562 879 1654; x_wconf 94' lang='lat' dir='ltr'><strong>qui</strong></span> <span class='ocrx_word' id='word_1_79' title='bbox 901 1563 979 1656; x_wconf 80' lang='lat' dir='ltr'><strong>Jam</strong></span> <span class='ocrx_word' id='word_1_80' title='bbox 1007 1561 1201 1635; x_wconf 86' lang='lat' dir='ltr'><strong>recedebat</strong></span> <span class='ocrx_word' id='word_1_81' title='bbox 1225 1583 1249 1636; x_wconf 93' lang='lat' dir='ltr'><strong>a</strong></span> <span class='ocrx_word' id='word_1_82' title='bbox 1274 1562 1391 1655; x_wconf 85' lang='lat' dir='ltr'><strong>lovea,</strong></span> <span class='ocrx_word' id='word_1_83' title='bbox 1410 1566 1447 1634; x_wconf 93' lang='lat' dir='ltr'><strong>et</strong></span> 
     </span>
     <span class='ocr_line' id='line_1_11' title="bbox 274 1680 1447 1776; baseline -0.003 -21"><span class='ocrx_word' id='word_1_84' title='bbox 274 1683 544 1755; x_wconf 82' lang='lat' dir='ltr'><strong>contortaverat</strong></span> <span class='ocrx_word' id='word_1_85' title='bbox 570 1681 688 1776; x_wconf 93' lang='lat' dir='ltr'><strong>ipsum</strong></span> <span class='ocrx_word' id='word_1_86' title='bbox 716 1702 911 1775; x_wconf 92' lang='lat' dir='ltr'><strong>usquequo</strong></span> <span class='ocrx_word' id='word_1_87' title='bbox 932 1680 1053 1755; x_wconf 89' lang='lat' dir='ltr'><strong>luerat</strong></span> <span class='ocrx_word' id='word_1_88' title='bbox 1069 1682 1208 1776; x_wconf 89' lang='lat' dir='ltr'><strong>positus</strong></span> <span class='ocrx_word' id='word_1_89' title='bbox 1225 1702 1311 1755; x_wconf 88' lang='lat' dir='ltr'><strong>cum</strong></span> <span class='ocrx_word' id='word_1_90' title='bbox 1329 1681 1447 1774; x_wconf 89' lang='lat' dir='ltr'><strong>capite</strong></span> 
     </span>
     <span class='ocr_line' id='line_1_12' title="bbox 273 1801 1448 1895; baseline 0 -20"><span class='ocrx_word' id='word_1_91' title='bbox 273 1801 465 1895; x_wconf 89' lang='lat' dir='ltr'><strong>deorsum;</strong></span> <span class='ocrx_word' id='word_1_92' title='bbox 492 1810 529 1875; x_wconf 89' lang='lat' dir='ltr'><strong>et</strong></span> <span class='ocrx_word' id='word_1_93' title='bbox 555 1802 636 1876; x_wconf 88' lang='lat' dir='ltr'><strong>ideo</strong></span> <span class='ocrx_word' id='word_1_94' title='bbox 662 1809 812 1876; x_wconf 89' lang='lat' dir='ltr'><strong>revocat</strong></span> <span class='ocrx_word' id='word_1_95' title='bbox 837 1823 924 1874; x_wconf 93' lang='lat' dir='ltr'><strong>eum</strong></span> <span class='ocrx_word' id='word_1_96' title='bbox 952 1809 993 1874; x_wconf 89' lang='lat' dir='ltr'><strong>ut</strong></span> <span class='ocrx_word' id='word_1_97' title='bbox 1019 1802 1114 1874; x_wconf 88' lang='lat' dir='ltr'><strong>dicat</strong></span> <span class='ocrx_word' id='word_1_98' title='bbox 1138 1802 1258 1876; x_wconf 90' lang='lat' dir='ltr'><strong>adbuc</strong></span> <span class='ocrx_word' id='word_1_99' title='bbox 1287 1802 1355 1876; x_wconf 90' lang='lat' dir='ltr'><strong>sibi</strong></span> <span class='ocrx_word' id='word_1_100' title='bbox 1380 1802 1448 1875; x_wconf 92' lang='lat' dir='ltr'><strong>ali-</strong></span> 
     </span>
     <span class='ocr_line' id='line_1_13' title="bbox 273 1919 1446 2017; baseline 0.002 -24"><span class='ocrx_word' id='word_1_101' title='bbox 273 1923 360 2015; x_wconf 89' lang='lat' dir='ltr'><strong>quid</strong></span> <span class='ocrx_word' id='word_1_102' title='bbox 386 1942 541 1996; x_wconf 89' lang='lat' dir='ltr'><strong>enorme</strong></span> <span class='ocrx_word' id='word_1_103' title='bbox 565 1929 771 2017; x_wconf 88' lang='lat' dir='ltr'><strong>peccatum,</strong></span> <span class='ocrx_word' id='word_1_104' title='bbox 805 1923 910 1995; x_wconf 90' lang='lat' dir='ltr'><strong>cuius</strong></span> <span class='ocrx_word' id='word_1_105' title='bbox 937 1922 1058 1995; x_wconf 88' lang='lat' dir='ltr'><strong>luerat</strong></span> <span class='ocrx_word' id='word_1_106' title='bbox 1089 1923 1233 2017; x_wconf 87' lang='lat' dir='ltr'><strong>oblitus,</strong></span> <span class='ocrx_word' id='word_1_107' title='bbox 1258 1927 1323 2015; x_wconf 84' lang='lat' dir='ltr'><strong>poi</strong></span> <span class='ocrx_word' id='word_1_108' title='bbox 1350 1919 1446 1996; x_wconf 75' lang='lat' dir='ltr'><strong>cl&#39;de</strong></span> 
     </span>
    </p>
   </div>
   <div class='ocr_carea' id='block_1_3' title="bbox 270 2036 1566 2135">
    <p class='ocr_par' dir='ltr' id='par_1_3' title="bbox 270 2036 1566 2135">
     <span class='ocr_line' id='line_1_14' title="bbox 270 2036 1566 2135; baseline 0 -21"><span class='ocrx_word' id='word_1_109' title='bbox 270 2045 358 2134; x_wconf 65' lang='lat' dir='ltr'><strong>litto,</strong></span> <span class='ocrx_word' id='word_1_110' title='bbox 384 2042 519 2114; x_wconf 87' lang='lat' dir='ltr'><strong>scilicet</strong></span> <span class='ocrx_word' id='word_1_111' title='bbox 545 2042 581 2113; x_wconf 92' lang='lat' dir='ltr'><strong>in</strong></span> <span class='ocrx_word' id='word_1_112' title='bbox 595 2042 752 2116; x_wconf 83' lang='lat' dir='ltr'><strong>ioveam</strong></span> <span class='ocrx_word' id='word_1_113' title='bbox 780 2052 908 2135; x_wconf 82' lang='lat' dir='ltr'><strong>terrae3</strong></span> <span class='ocrx_word' id='word_1_114' title='bbox 928 2048 964 2115; x_wconf 93' lang='lat' dir='ltr'><strong>et</strong></span> <span class='ocrx_word' id='word_1_115' title='bbox 986 2062 1072 2116; x_wconf 90' lang='lat' dir='ltr'><strong>ecce</strong></span> <span class='ocrx_word' id='word_1_116' title='bbox 1098 2063 1215 2135; x_wconf 91' lang='lat' dir='ltr'><strong>quare</strong></span> <span class='ocrx_word' id='word_1_117' title='bbox 1231 2068 1239 2114; x_wconf 92' lang='lat'>:</span> <span class='ocrx_word' id='word_1_118' title='bbox 1257 2036 1386 2135; x_wconf 64' lang='lat' dir='ltr'><strong>percle*</strong></span> <span class='ocrx_word' id='word_1_119' title='bbox 1409 2047 1444 2115; x_wconf 85' lang='lat' dir='ltr'><strong>lu</strong></span> <span class='ocrx_word' id='word_1_120' title='bbox 1557 2053 1566 2065; x_wconf 83' lang='grc'><strong>’</strong></span> 
     </span>
    </p>
   </div>
   <div class='ocr_carea' id='block_1_4' title="bbox 190 2161 1553 4415">
    <p class='ocr_par' dir='ltr' id='par_1_4' title="bbox 190 2161 1553 4415">
     <span class='ocr_line' id='line_1_15' title="bbox 275 2161 1448 2255; baseline -0.001 -21"><span class='ocrx_word' id='word_1_121' title='bbox 275 2169 386 2234; x_wconf 83' lang='lat' dir='ltr'><strong>morta</strong></span> <span class='ocrx_word' id='word_1_122' title='bbox 410 2182 520 2251; x_wconf 84' lang='lat' dir='ltr'><strong>cessa,</strong></span> <span class='ocrx_word' id='word_1_123' title='bbox 539 2161 630 2235; x_wconf 90' lang='lat' dir='ltr'><strong>idest</strong></span> <span class='ocrx_word' id='word_1_124' title='bbox 654 2162 741 2254; x_wconf 88' lang='lat' dir='ltr'><strong>quia</strong></span> <span class='ocrx_word' id='word_1_125' title='bbox 767 2182 899 2255; x_wconf 91' lang='lat' dir='ltr'><strong>parum</strong></span> <span class='ocrx_word' id='word_1_126' title='bbox 918 2161 1084 2234; x_wconf 91' lang='lat' dir='ltr'><strong>tardatur</strong></span> <span class='ocrx_word' id='word_1_127' title='bbox 1105 2162 1249 2235; x_wconf 91' lang='lat' dir='ltr'><strong>interim</strong></span> <span class='ocrx_word' id='word_1_128' title='bbox 1270 2162 1327 2235; x_wconf 90' lang='lat' dir='ltr'><strong>illa</strong></span> <span class='ocrx_word' id='word_1_129' title='bbox 1346 2182 1448 2234; x_wconf 92' lang='lat' dir='ltr'><strong>mors</strong></span> 
     </span>
     <span class='ocr_line' id='line_1_16' title="bbox 276 2280 1448 2385; baseline 0 -31"><span class='ocrx_word' id='word_1_130' title='bbox 276 2280 421 2374; x_wconf 85' lang='lat' dir='ltr'><strong>acerba,</strong></span> <span class='ocrx_word' id='word_1_131' title='bbox 454 2280 541 2372; x_wconf 90' lang='lat' dir='ltr'><strong>quia</strong></span> <span class='ocrx_word' id='word_1_132' title='bbox 575 2281 680 2354; x_wconf 84' lang='lat' dir='ltr'><strong>lictor</strong></span> <span class='ocrx_word' id='word_1_133' title='bbox 712 2281 759 2353; x_wconf 94' lang='lat' dir='ltr'><strong>ibi</strong></span> <span class='ocrx_word' id='word_1_134' title='bbox 786 2287 936 2375; x_wconf 87' lang='lat' dir='ltr'><strong>paratus</strong></span> <span class='ocrx_word' id='word_1_135' title='bbox 963 2281 1082 2354; x_wconf 89' lang='lat' dir='ltr'><strong>dillert</strong></span> <span class='ocrx_word' id='word_1_136' title='bbox 1107 2281 1292 2355; x_wconf 90' lang='lat' dir='ltr'><strong>modicum</strong></span> <span class='ocrx_word' id='word_1_137' title='bbox 1321 2283 1448 2385; x_wconf 82' lang='lat' dir='ltr'><strong>jacere</strong></span> 
     </span>
     <span class='ocr_line' id='line_1_17' title="bbox 276 2394 1448 2493; baseline 0.002 -21"><span class='ocrx_word' id='word_1_138' title='bbox 276 2407 413 2474; x_wconf 92' lang='lat' dir='ltr'><strong>terram</strong></span> <span class='ocrx_word' id='word_1_139' title='bbox 441 2401 477 2472; x_wconf 92' lang='lat' dir='ltr'><strong>in</strong></span> <span class='ocrx_word' id='word_1_140' title='bbox 504 2401 667 2493; x_wconf 89' lang='lat' dir='ltr'><strong>ioveam;</strong></span> <span class='ocrx_word' id='word_1_141' title='bbox 691 2402 749 2474; x_wconf 90' lang='lat' dir='ltr'><strong>vel</strong></span> <span class='ocrx_word' id='word_1_142' title='bbox 775 2401 852 2473; x_wconf 93' lang='lat' dir='ltr'><strong>dic:</strong></span> <span class='ocrx_word' id='word_1_143' title='bbox 874 2394 1004 2492; x_wconf 69' lang='lat' dir='ltr'><strong>percle*</strong></span> <span class='ocrx_word' id='word_1_144' title='bbox 1027 2405 1063 2473; x_wconf 87' lang='lat' dir='ltr'><strong>lu</strong></span> <span class='ocrx_word' id='word_1_145' title='bbox 1090 2411 1211 2492; x_wconf 79' lang='lat' dir='ltr'><strong>morte,</strong></span> <span class='ocrx_word' id='word_1_146' title='bbox 1231 2402 1321 2474; x_wconf 89' lang='lat' dir='ltr'><strong>idest</strong></span> <span class='ocrx_word' id='word_1_147' title='bbox 1347 2423 1448 2475; x_wconf 93' lang='lat' dir='ltr'><strong>mors</strong></span> 
     </span>
     <span class='ocr_line' id='line_1_18' title="bbox 275 2512 1449 2614; baseline 0.001 -21"><span class='ocrx_word' id='word_1_148' title='bbox 275 2520 419 2613; x_wconf 85' lang='lat' dir='ltr'><strong>animae,</strong></span> <span class='ocrx_word' id='word_1_149' title='bbox 445 2541 555 2611; x_wconf 85' lang='lat' dir='ltr'><strong>cessa,</strong></span> <span class='ocrx_word' id='word_1_150' title='bbox 581 2520 668 2614; x_wconf 92' lang='lat' dir='ltr'><strong>quia</strong></span> <span class='ocrx_word' id='word_1_151' title='bbox 694 2521 829 2594; x_wconf 87' lang='lat' dir='ltr'><strong>scilicet</strong></span> <span class='ocrx_word' id='word_1_152' title='bbox 846 2520 982 2613; x_wconf 89' lang='lat' dir='ltr'><strong>aliquid</strong></span> <span class='ocrx_word' id='word_1_153' title='bbox 994 2512 1031 2611; x_wconf 81' lang='lat'><strong>(²)</strong></span> <span class='ocrx_word' id='word_1_154' title='bbox 1050 2528 1254 2614; x_wconf 86' lang='lat' dir='ltr'><strong>peccatum,</strong></span> <span class='ocrx_word' id='word_1_155' title='bbox 1272 2521 1370 2614; x_wconf 94' lang='lat' dir='ltr'><strong>quod</strong></span> <span class='ocrx_word' id='word_1_156' title='bbox 1387 2542 1449 2603; x_wconf 90' lang='lat' dir='ltr'><strong>so-</strong></span> 
     </span>
     <span class='ocr_line' id='line_1_19' title="bbox 276 2631 1553 2733; baseline -0.001 -20"><span class='ocrx_word' id='word_1_157' title='bbox 276 2641 352 2713; x_wconf 94' lang='lat' dir='ltr'><strong>lum</strong></span> <span class='ocrx_word' id='word_1_158' title='bbox 371 2650 452 2716; x_wconf 91' lang='lat' dir='ltr'><strong>erat</strong></span> <span class='ocrx_word' id='word_1_159' title='bbox 472 2641 657 2714; x_wconf 88' lang='lat' dir='ltr'><strong>sufficiens</strong></span> <span class='ocrx_word' id='word_1_160' title='bbox 674 2641 720 2714; x_wconf 87' lang='lat' dir='ltr'><strong>ad</strong></span> <span class='ocrx_word' id='word_1_161' title='bbox 741 2647 899 2714; x_wconf 90' lang='lat' dir='ltr'><strong>mortem</strong></span> <span class='ocrx_word' id='word_1_162' title='bbox 916 2641 1061 2733; x_wconf 84' lang='lat' dir='ltr'><strong>animae,</strong></span> <span class='ocrx_word' id='word_1_163' title='bbox 1081 2641 1281 2714; x_wconf 88' lang='lat' dir='ltr'><strong>revellatur</strong></span> <span class='ocrx_word' id='word_1_164' title='bbox 1295 2631 1332 2732; x_wconf 79' lang='lat'><strong>(³)</strong></span> <span class='ocrx_word' id='word_1_165' title='bbox 1355 2647 1449 2714; x_wconf 87' lang='lat' dir='ltr'><strong>tam-</strong></span> <span class='ocrx_word' id='word_1_166' title='bbox 1507 2709 1509 2712; x_wconf 7' lang='lat' dir='ltr'><strong>a</strong></span> <span class='ocrx_word' id='word_1_167' title='bbox 1546 2706 1553 2720; x_wconf 85' lang='grc'>,</span> 
     </span>
     <span class='ocr_line' id='line_1_20' title="bbox 276 2760 1449 2855; baseline 0.001 -22"><span class='ocrx_word' id='word_1_168' title='bbox 276 2783 388 2855; x_wconf 93' lang='lat' dir='ltr'><strong>quam</strong></span> <span class='ocrx_word' id='word_1_169' title='bbox 415 2762 516 2855; x_wconf 93' lang='lat' dir='ltr'><strong>spina</strong></span> <span class='ocrx_word' id='word_1_170' title='bbox 542 2761 587 2834; x_wconf 89' lang='lat' dir='ltr'><strong>de</strong></span> <span class='ocrx_word' id='word_1_171' title='bbox 613 2760 723 2834; x_wconf 88' lang='lat' dir='ltr'><strong>corde</strong></span> <span class='ocrx_word' id='word_1_172' title='bbox 749 2761 845 2853; x_wconf 83' lang='lat' dir='ltr'><strong>eius3</strong></span> <span class='ocrx_word' id='word_1_173' title='bbox 872 2768 909 2834; x_wconf 92' lang='lat' dir='ltr'><strong>et</strong></span> <span class='ocrx_word' id='word_1_174' title='bbox 934 2761 1001 2833; x_wconf 90' lang='lat' dir='ltr'><strong>ista</strong></span> <span class='ocrx_word' id='word_1_175' title='bbox 1027 2768 1082 2834; x_wconf 91' lang='lat' dir='ltr'><strong>est</strong></span> <span class='ocrx_word' id='word_1_176' title='bbox 1109 2761 1238 2834; x_wconf 91' lang='lat' dir='ltr'><strong>melior</strong></span> <span class='ocrx_word' id='word_1_177' title='bbox 1264 2773 1301 2837; x_wconf 89' lang='lat' dir='ltr'><strong>et</strong></span> <span class='ocrx_word' id='word_1_178' title='bbox 1326 2762 1449 2835; x_wconf 89' lang='lat' dir='ltr'><strong>verior</strong></span> 
     </span>
     <span class='ocr_line' id='line_1_21' title="bbox 277 2872 1448 2975; baseline -0.001 -20"><span class='ocrx_word' id='word_1_179' title='bbox 277 2883 464 2975; x_wconf 82' lang='lat' dir='ltr'><strong>expositio.</strong></span> <span class='ocrx_word' id='word_1_180' title='bbox 479 2886 586 2954; x_wconf 80' lang='lat' dir='ltr'><strong>-m</strong></span> <span class='ocrx_word' id='word_1_181' title='bbox 609 2884 640 2952; x_wconf 83' lang='lat' dir='ltr'><strong>ei</strong></span> <span class='ocrx_word' id='word_1_182' title='bbox 664 2872 781 2971; x_wconf 74' lang='lat' dir='ltr'><strong>qrtdd.</strong></span> <span class='ocrx_word' id='word_1_183' title='bbox 807 2881 873 2953; x_wconf 90' lang='lat' dir='ltr'><strong>Hic</strong></span> <span class='ocrx_word' id='word_1_184' title='bbox 904 2887 1012 2954; x_wconf 91' lang='lat' dir='ltr'><strong>autor</strong></span> <span class='ocrx_word' id='word_1_185' title='bbox 1043 2882 1143 2974; x_wconf 90' lang='lat' dir='ltr'><strong>ponit</strong></span> <span class='ocrx_word' id='word_1_186' title='bbox 1175 2882 1448 2975; x_wconf 87' lang='lat' dir='ltr'><strong>responsionem</strong></span> 
     </span>
     <span class='ocr_line' id='line_1_22' title="bbox 276 3000 1525 3095; baseline 0.002 -23"><span class='ocrx_word' id='word_1_187' title='bbox 276 3001 370 3073; x_wconf 91' lang='lat' dir='ltr'><strong>illius</strong></span> <span class='ocrx_word' id='word_1_188' title='bbox 396 3001 543 3094; x_wconf 89' lang='lat' dir='ltr'><strong>spiritus</strong></span> <span class='ocrx_word' id='word_1_189' title='bbox 569 3001 632 3092; x_wconf 94' lang='lat' dir='ltr'><strong>qui</strong></span> <span class='ocrx_word' id='word_1_190' title='bbox 657 3000 975 3074; x_wconf 87' lang='lat' dir='ltr'><strong>subalternaverat</strong></span> <span class='ocrx_word' id='word_1_191' title='bbox 1001 3001 1118 3095; x_wconf 91' lang='lat' dir='ltr'><strong>ipsum</strong></span> <span class='ocrx_word' id='word_1_192' title='bbox 1147 3007 1330 3095; x_wconf 88' lang='lat' dir='ltr'><strong>autorem,</strong></span> <span class='ocrx_word' id='word_1_193' title='bbox 1352 3004 1450 3077; x_wconf 88' lang='lat' dir='ltr'><strong>acci·</strong></span> <span class='ocrx_word' id='word_1_194' title='bbox 1523 3092 1525 3095; x_wconf 13' lang='grc' dir='ltr'><strong><em>ι</em></strong></span> 
     </span>
     <span class='ocr_line' id='line_1_23' title="bbox 276 3119 1450 3216; baseline 0.003 -24"><span class='ocrx_word' id='word_1_195' title='bbox 276 3120 378 3213; x_wconf 90' lang='lat' dir='ltr'><strong>piens</strong></span> <span class='ocrx_word' id='word_1_196' title='bbox 402 3119 522 3214; x_wconf 92' lang='lat' dir='ltr'><strong>ipsum</strong></span> <span class='ocrx_word' id='word_1_197' title='bbox 549 3119 629 3194; x_wconf 87' lang='lat' dir='ltr'><strong>loeo</strong></span> <span class='ocrx_word' id='word_1_198' title='bbox 655 3120 837 3193; x_wconf 89' lang='lat' dir='ltr'><strong>Bonilacii.</strong></span> <span class='ocrx_word' id='word_1_199' title='bbox 857 3119 910 3193; x_wconf 80' lang='lat' dir='ltr'><strong>Ad</strong></span> <span class='ocrx_word' id='word_1_200' title='bbox 935 3120 1041 3194; x_wconf 92' lang='lat' dir='ltr'><strong>cuius</strong></span> <span class='ocrx_word' id='word_1_201' title='bbox 1066 3122 1271 3216; x_wconf 73' lang='lat' dir='ltr'><strong>peregrinae</strong></span> <span class='ocrx_word' id='word_1_202' title='bbox 1298 3123 1450 3197; x_wconf 88' lang='lat' dir='ltr'><strong>fictionis</strong></span> 
     </span>
     <span class='ocr_line' id='line_1_24' title="bbox 278 3239 1451 3337; baseline 0.004 -23"><span class='ocrx_word' id='word_1_203' title='bbox 278 3241 552 3337; x_wconf 85' lang='lat' dir='ltr'><strong>intelligentiam</strong></span> <span class='ocrx_word' id='word_1_204' title='bbox 579 3247 633 3314; x_wconf 88' lang='lat' dir='ltr'><strong>est</strong></span> <span class='ocrx_word' id='word_1_205' title='bbox 659 3239 945 3334; x_wconf 73' lang='lat' dir='ltr'><strong>praevidendum,</strong></span> <span class='ocrx_word' id='word_1_206' title='bbox 969 3241 1067 3333; x_wconf 91' lang='lat' dir='ltr'><strong>quod</strong></span> <span class='ocrx_word' id='word_1_207' title='bbox 1092 3262 1185 3336; x_wconf 89' lang='lat' dir='ltr'><strong>papa</strong></span> <span class='ocrx_word' id='word_1_208' title='bbox 1211 3242 1379 3317; x_wconf 90' lang='lat' dir='ltr'><strong>Nicolaus</strong></span> <span class='ocrx_word' id='word_1_209' title='bbox 1404 3244 1451 3319; x_wconf 92' lang='lat' dir='ltr'><strong>de</strong></span> 
     </span>
     <span class='ocr_line' id='line_1_25' title="bbox 278 3360 1451 3456; baseline 0.002 -21"><span class='ocrx_word' id='word_1_210' title='bbox 278 3361 414 3435; x_wconf 92' lang='lat' dir='ltr'><strong>Ursinis</strong></span> <span class='ocrx_word' id='word_1_211' title='bbox 440 3360 576 3434; x_wconf 88' lang='lat' dir='ltr'><strong>sciebat</strong></span> <span class='ocrx_word' id='word_1_212' title='bbox 601 3381 668 3454; x_wconf 88' lang='lat' dir='ltr'><strong>per</strong></span> <span class='ocrx_word' id='word_1_213' title='bbox 694 3360 893 3454; x_wconf 91' lang='lat' dir='ltr'><strong>quamdam</strong></span> <span class='ocrx_word' id='word_1_214' title='bbox 914 3362 1154 3455; x_wconf 85' lang='lat' dir='ltr'><strong>prophetiam,</strong></span> <span class='ocrx_word' id='word_1_215' title='bbox 1174 3384 1286 3456; x_wconf 94' lang='lat' dir='ltr'><strong>quam</strong></span> <span class='ocrx_word' id='word_1_216' title='bbox 1310 3363 1451 3437; x_wconf 90' lang='lat' dir='ltr'><strong>viderat</strong></span> 
     </span>
     <span class='ocr_line' id='line_1_26' title="bbox 281 3468 1451 3576; baseline 0.002 -22"><span class='ocrx_word' id='word_1_217' title='bbox 281 3482 398 3574; x_wconf 88' lang='lat' dir='ltr'><strong>vivus,</strong></span> <span class='ocrx_word' id='word_1_218' title='bbox 417 3480 475 3553; x_wconf 86' lang='lat' dir='ltr'><strong>vel</strong></span> <span class='ocrx_word' id='word_1_219' title='bbox 492 3500 558 3573; x_wconf 93' lang='lat' dir='ltr'><strong>per</strong></span> <span class='ocrx_word' id='word_1_220' title='bbox 577 3480 791 3553; x_wconf 90' lang='lat' dir='ltr'><strong>relationem</strong></span> <span class='ocrx_word' id='word_1_221' title='bbox 806 3468 841 3571; x_wconf 74' lang='lat'><strong>(⁸)</strong></span> <span class='ocrx_word' id='word_1_222' title='bbox 862 3481 1015 3554; x_wconf 92' lang='lat' dir='ltr'><strong>alicuius</strong></span> <span class='ocrx_word' id='word_1_223' title='bbox 1036 3482 1222 3575; x_wconf 84' lang='lat' dir='ltr'><strong>daemonis,</strong></span> <span class='ocrx_word' id='word_1_224' title='bbox 1242 3483 1339 3576; x_wconf 93' lang='lat' dir='ltr'><strong>quod</strong></span> <span class='ocrx_word' id='word_1_225' title='bbox 1357 3503 1451 3576; x_wconf 87' lang='lat' dir='ltr'><strong>papa</strong></span> 
     </span>
     <span class='ocr_line' id='line_1_27' title="bbox 190 3599 1452 3695; baseline 0.002 -22"><span class='ocrx_word' id='word_1_226' title='bbox 190 3675 194 3683; x_wconf 79' lang='grc'><em>,</em></span> <span class='ocrx_word' id='word_1_227' title='bbox 279 3600 484 3674; x_wconf 89' lang='lat' dir='ltr'><strong>Bonilaoius</strong></span> <span class='ocrx_word' id='word_1_228' title='bbox 509 3599 665 3674; x_wconf 90' lang='lat' dir='ltr'><strong>debebat</strong></span> <span class='ocrx_word' id='word_1_229' title='bbox 690 3607 789 3674; x_wconf 87' lang='lat' dir='ltr'><strong>stare</strong></span> <span class='ocrx_word' id='word_1_230' title='bbox 816 3601 852 3673; x_wconf 93' lang='lat' dir='ltr'><strong>in</strong></span> <span class='ocrx_word' id='word_1_231' title='bbox 877 3609 1011 3695; x_wconf 91' lang='lat' dir='ltr'><strong>papatu</strong></span> <span class='ocrx_word' id='word_1_232' title='bbox 1029 3602 1133 3675; x_wconf 91' lang='lat' dir='ltr'><strong>aunis</strong></span> <span class='ocrx_word' id='word_1_233' title='bbox 1155 3610 1239 3676; x_wconf 87' lang='lat' dir='ltr'><strong>octo</strong></span> <span class='ocrx_word' id='word_1_234' title='bbox 1256 3611 1294 3677; x_wconf 91' lang='lat' dir='ltr'><strong>et</strong></span> <span class='ocrx_word' id='word_1_235' title='bbox 1315 3604 1452 3678; x_wconf 90' lang='lat' dir='ltr'><strong>mensi-</strong></span> 
     </span>
     <span class='ocr_line' id='line_1_28' title="bbox 278 3720 1452 3816; baseline 0.003 -22"><span class='ocrx_word' id='word_1_236' title='bbox 278 3722 347 3794; x_wconf 92' lang='lat' dir='ltr'><strong>bus</strong></span> <span class='ocrx_word' id='word_1_237' title='bbox 373 3741 523 3813; x_wconf 83' lang='lat' dir='ltr'><strong>novem3</strong></span> <span class='ocrx_word' id='word_1_238' title='bbox 551 3727 588 3794; x_wconf 91' lang='lat' dir='ltr'><strong>et</strong></span> <span class='ocrx_word' id='word_1_239' title='bbox 614 3720 700 3813; x_wconf 93' lang='lat' dir='ltr'><strong>quia</strong></span> <span class='ocrx_word' id='word_1_240' title='bbox 726 3720 931 3794; x_wconf 89' lang='lat' dir='ltr'><strong>Bonilacius</strong></span> <span class='ocrx_word' id='word_1_241' title='bbox 958 3727 1037 3795; x_wconf 91' lang='lat' dir='ltr'><strong>erat</strong></span> <span class='ocrx_word' id='word_1_242' title='bbox 1063 3722 1204 3816; x_wconf 93' lang='lat' dir='ltr'><strong>primus</strong></span> <span class='ocrx_word' id='word_1_243' title='bbox 1230 3723 1452 3797; x_wconf 88' lang='lat' dir='ltr'><strong>simoniacus</strong></span> 
     </span>
     <span class='ocr_line' id='line_1_29' title="bbox 280 3840 1452 3938; baseline 0.001 -24"><span class='ocrx_word' id='word_1_244' title='bbox 280 3846 360 3938; x_wconf 93' lang='lat' dir='ltr'><strong>post</strong></span> <span class='ocrx_word' id='word_1_245' title='bbox 385 3862 484 3934; x_wconf 85' lang='lat' dir='ltr'><strong>eum,</strong></span> <span class='ocrx_word' id='word_1_246' title='bbox 502 3841 584 3914; x_wconf 92' lang='lat' dir='ltr'><strong>ideo</strong></span> <span class='ocrx_word' id='word_1_247' title='bbox 601 3840 696 3914; x_wconf 88' lang='lat' dir='ltr'><strong>benc</strong></span> <span class='ocrx_word' id='word_1_248' title='bbox 721 3847 831 3913; x_wconf 89' lang='lat' dir='ltr'><strong>autor</strong></span> <span class='ocrx_word' id='word_1_249' title='bbox 857 3841 1036 3915; x_wconf 89' lang='lat' dir='ltr'><strong>subtiliter</strong></span> <span class='ocrx_word' id='word_1_250' title='bbox 1058 3841 1170 3936; x_wconf 77' lang='lat' dir='ltr'><strong>lingit,</strong></span> <span class='ocrx_word' id='word_1_251' title='bbox 1189 3842 1288 3935; x_wconf 93' lang='lat' dir='ltr'><strong>quod</strong></span> <span class='ocrx_word' id='word_1_252' title='bbox 1307 3843 1365 3916; x_wconf 91' lang='lat' dir='ltr'><strong>ille</strong></span> <span class='ocrx_word' id='word_1_253' title='bbox 1382 3865 1452 3917; x_wconf 88' lang='lat' dir='ltr'><strong>au-</strong></span> 
     </span>
     <span class='ocr_line' id='line_1_30' title="bbox 278 3952 1453 4055; baseline 0.001 -20"><span class='ocrx_word' id='word_1_254' title='bbox 278 3963 380 4035; x_wconf 90' lang='lat' dir='ltr'><strong>diens</strong></span> <span class='ocrx_word' id='word_1_255' title='bbox 400 3972 570 4037; x_wconf 91' lang='lat' dir='ltr'><strong>autorem</strong></span> <span class='ocrx_word' id='word_1_256' title='bbox 589 3959 739 4033; x_wconf 90' lang='lat' dir='ltr'><strong>credidit</strong></span> <span class='ocrx_word' id='word_1_257' title='bbox 756 3960 874 4053; x_wconf 91' lang='lat' dir='ltr'><strong>ipsum</strong></span> <span class='ocrx_word' id='word_1_258' title='bbox 894 3981 975 4034; x_wconf 88' lang='lat' dir='ltr'><strong>esse</strong></span> <span class='ocrx_word' id='word_1_259' title='bbox 989 3952 1025 4052; x_wconf 70' lang='lat'><strong>(³)</strong></span> <span class='ocrx_word' id='word_1_260' title='bbox 1045 3960 1282 4055; x_wconf 87' lang='lat' dir='ltr'><strong>Bonilacium,</strong></span> <span class='ocrx_word' id='word_1_261' title='bbox 1302 3963 1389 4055; x_wconf 90' lang='lat' dir='ltr'><strong>quia</strong></span> <span class='ocrx_word' id='word_1_262' title='bbox 1405 3964 1453 4036; x_wconf 90' lang='lat' dir='ltr'><strong>ad</strong></span> 
     </span>
     <span class='ocr_line' id='line_1_31' title="bbox 279 4079 1454 4174; baseline 0.003 -22"><span class='ocrx_word' id='word_1_263' title='bbox 279 4081 376 4152; x_wconf 93' lang='lat' dir='ltr'><strong>illam</strong></span> <span class='ocrx_word' id='word_1_264' title='bbox 402 4079 565 4174; x_wconf 85' lang='lat' dir='ltr'><strong>bulgiam</strong></span> <span class='ocrx_word' id='word_1_265' title='bbox 593 4100 666 4151; x_wconf 91' lang='lat' dir='ltr'><strong>uon</strong></span> <span class='ocrx_word' id='word_1_266' title='bbox 698 4085 804 4152; x_wconf 91' lang='lat' dir='ltr'><strong>erant</strong></span> <span class='ocrx_word' id='word_1_267' title='bbox 835 4079 928 4152; x_wconf 91' lang='lat' dir='ltr'><strong>soliti</strong></span> <span class='ocrx_word' id='word_1_268' title='bbox 960 4079 1015 4153; x_wconf 91' lang='lat' dir='ltr'><strong>ire</strong></span> <span class='ocrx_word' id='word_1_269' title='bbox 1048 4080 1114 4152; x_wconf 89' lang='lat' dir='ltr'><strong>nisi</strong></span> <span class='ocrx_word' id='word_1_270' title='bbox 1140 4081 1372 4156; x_wconf 92' lang='lat' dir='ltr'><strong>solummodo</strong></span> <span class='ocrx_word' id='word_1_271' title='bbox 1404 4083 1454 4155; x_wconf 90' lang='lat' dir='ltr'><strong>si-</strong></span> 
     </span>
     <span class='ocr_line' id='line_1_32' title="bbox 280 4198 1453 4291; baseline 0.003 -20"><span class='ocrx_word' id='word_1_272' title='bbox 280 4198 448 4290; x_wconf 88' lang='lat' dir='ltr'><strong>moniaci,</strong></span> <span class='ocrx_word' id='word_1_273' title='bbox 474 4204 511 4271; x_wconf 91' lang='lat' dir='ltr'><strong>et</strong></span> <span class='ocrx_word' id='word_1_274' title='bbox 543 4219 748 4290; x_wconf 90' lang='lat' dir='ltr'><strong>numquam</strong></span> <span class='ocrx_word' id='word_1_275' title='bbox 779 4205 860 4291; x_wconf 92' lang='lat' dir='ltr'><strong>post</strong></span> <span class='ocrx_word' id='word_1_276' title='bbox 891 4205 1047 4272; x_wconf 91' lang='lat' dir='ltr'><strong>mortem</strong></span> <span class='ocrx_word' id='word_1_277' title='bbox 1077 4200 1155 4273; x_wconf 87' lang='lat' dir='ltr'><strong>eius</strong></span> <span class='ocrx_word' id='word_1_278' title='bbox 1182 4209 1333 4275; x_wconf 90' lang='lat' dir='ltr'><strong>venerat</strong></span> <span class='ocrx_word' id='word_1_279' title='bbox 1359 4202 1453 4275; x_wconf 88' lang='lat' dir='ltr'><strong>alius</strong></span> 
     </span>
     <span class='ocr_line' id='line_1_33' title="bbox 281 4316 1455 4415; baseline 0.004 -25"><span class='ocrx_word' id='word_1_280' title='bbox 281 4338 374 4412; x_wconf 90' lang='lat' dir='ltr'><strong>papa</strong></span> <span class='ocrx_word' id='word_1_281' title='bbox 400 4317 635 4409; x_wconf 82' lang='lat' dir='ltr'><strong>simoniacus3</strong></span> <span class='ocrx_word' id='word_1_282' title='bbox 655 4316 737 4391; x_wconf 87' lang='lat' dir='ltr'><strong>idco</strong></span> <span class='ocrx_word' id='word_1_283' title='bbox 755 4319 970 4412; x_wconf 82' lang='lat' dir='ltr'><strong>expectabat</strong></span> <span class='ocrx_word' id='word_1_284' title='bbox 989 4340 1089 4413; x_wconf 87' lang='lat' dir='ltr'><strong>eum,</strong></span> <span class='ocrx_word' id='word_1_285' title='bbox 1111 4341 1179 4393; x_wconf 91' lang='lat' dir='ltr'><strong>nec</strong></span> <span class='ocrx_word' id='word_1_286' title='bbox 1198 4326 1340 4415; x_wconf 92' lang='lat' dir='ltr'><strong>poterat</strong></span> <span class='ocrx_word' id='word_1_287' title='bbox 1361 4321 1455 4395; x_wconf 90' lang='lat' dir='ltr'><strong>ima·</strong></span> 
     </span>
    </p>
   </div>
   <div class='ocr_carea' id='block_1_5' title="bbox 282 4505 1438 4646">
    <p class='ocr_par' dir='ltr' id='par_1_5' title="bbox 282 4505 1438 4646">
     <span class='ocr_line' id='line_1_34' title="bbox 282 4505 1390 4572; baseline 0.002 -17"><span class='ocrx_word' id='word_1_288' title='bbox 282 4568 284 4572; x_wconf 10' lang='grc' dir='ltr'><strong>λ</strong></span> <span class='ocrx_word' id='word_1_289' title='bbox 342 4506 369 4566; x_wconf 80' lang='lat'><strong>(¹)</strong></span> <span class='ocrx_word' id='word_1_290' title='bbox 385 4506 415 4556; x_wconf 88' lang='grc' dir='ltr'><strong>Ε.</strong></span> <span class='ocrx_word' id='word_1_291' title='bbox 433 4507 549 4569; x_wconf 85' lang='lat' dir='ltr'><strong>pecunia,</strong></span> <span class='ocrx_word' id='word_1_292' title='bbox 566 4505 608 4556; x_wconf 83' lang='lat' dir='ltr'><strong>rel</strong></span> <span class='ocrx_word' id='word_1_293' title='bbox 624 4506 726 4567; x_wconf 75' lang='lat' dir='ltr'><strong>occidit,</strong></span> <span class='ocrx_word' id='word_1_294' title='bbox 743 4507 785 4556; x_wconf 84' lang='lat' dir='ltr'><strong>vel</strong></span> <span class='ocrx_word' id='word_1_295' title='bbox 802 4507 851 4555; x_wconf 81' lang='lat' dir='ltr'><strong>alio</strong></span> <span class='ocrx_word' id='word_1_296' title='bbox 868 4506 945 4555; x_wconf 89' lang='lat' dir='ltr'><strong>simili</strong></span> <span class='ocrx_word' id='word_1_297' title='bbox 962 4507 1049 4556; x_wconf 90' lang='lat' dir='ltr'><strong>modo.</strong></span> <span class='ocrx_word' id='word_1_298' title='bbox 1184 4506 1211 4569; x_wconf 80' lang='lat'><strong>(²)</strong></span> <span class='ocrx_word' id='word_1_299' title='bbox 1228 4507 1258 4555; x_wconf 86' lang='lat' dir='ltr'><strong>E.</strong></span> <span class='ocrx_word' id='word_1_300' title='bbox 1276 4507 1390 4570; x_wconf 76' lang='lat' dir='ltr'><strong>aliquod.</strong></span> 
     </span>
     <span class='ocr_line' id='line_1_35' title="bbox 343 4581 1438 4646; baseline 0.004 -15"><span class='ocrx_word' id='word_1_301' title='bbox 343 4581 369 4644; x_wconf 64' lang='grc' dir='ltr'><strong>ι’)</strong></span> <span class='ocrx_word' id='word_1_302' title='bbox 386 4582 417 4633; x_wconf 86' lang='grc' dir='ltr'><strong>Ε.</strong></span> <span class='ocrx_word' id='word_1_303' title='bbox 434 4582 565 4633; x_wconf 77' lang='lat' dir='ltr'><strong>relevavit</strong></span> <span class='ocrx_word' id='word_1_304' title='bbox 628 4582 654 4644; x_wconf 53' lang='grc' dir='ltr'><strong>(ἢ</strong></span> <span class='ocrx_word' id='word_1_305' title='bbox 671 4583 701 4633; x_wconf 90' lang='grc' dir='ltr'><strong>Ε.</strong></span> <span class='ocrx_word' id='word_1_306' title='bbox 719 4583 911 4634; x_wconf 83' lang='lat' dir='ltr'><strong>revelationem.</strong></span> <span class='ocrx_word' id='word_1_307' title='bbox 975 4582 1002 4644; x_wconf 75' lang='lat'><strong>(¹)</strong></span> <span class='ocrx_word' id='word_1_308' title='bbox 1020 4587 1073 4644; x_wconf 82' lang='lat'><strong>116,</strong></span> <span class='ocrx_word' id='word_1_309' title='bbox 1090 4596 1145 4633; x_wconf 81' lang='lat' dir='ltr'><strong>essa</strong></span> <span class='ocrx_word' id='word_1_310' title='bbox 1162 4596 1252 4646; x_wconf 83' lang='lat' dir='ltr'><strong>papam</strong></span> <span class='ocrx_word' id='word_1_311' title='bbox 1269 4583 1438 4635; x_wconf 80' lang='lat' dir='ltr'><strong>Bonifatium.</strong></span> 
     </span>
    </p>
   </div>
   <div class='ocr_carea' id='block_1_6' title="bbox 0 0 1740 5580">
    <p class='ocr_par' dir='ltr' id='par_1_6' title="bbox 0 0 1740 5580">
     <span class='ocr_line' id='line_1_36' title="bbox 0 0 1740 5580; baseline 0 0"><span class='ocrx_word' id='word_1_312' title='bbox 0 0 1740 5580; x_wconf 95' lang='lat' dir='ltr'><strong> </strong></span> 
     </span>
    </p>
   </div>
  </div>
 </body>
</html>
