3450 5580
627 476 765 531 caurus
791 477 946 532 DEClMUs
972 478 1100 531 nonus.
1400 466 1444 531 ll

269 617 402 713 ginari,
430 618 530 713 quod
556 619 624 694 iste
651 620 842 714 requirens
860 642 959 715 eum,
978 628 1072 695 esset
1093 623 1186 695 alius
1213 622 1279 695 nisi
1305 622 1414 696 Bonis
1431 663 1448 675 -

271 739 361 811 cius.
390 739 433 812 Et
460 745 584 814 tamen
610 760 757 815 summe
788 728 995 815 mirabatur
1024 741 1174 816 deeius
1204 743 1363 817 adventu
1392 743 1448 815 in·

272 859 504 953 tempestivo,
539 860 626 952 quia
659 861 876 954 expectabat
908 882 993 935 eum
1032 868 1113 957 post
1147 864 1287 957 aliquot
1320 882 1445 936 annos.
1523 834 1527 855 ¹
1582 909 1588 919 -

271 979 379 1052 Nunc
404 978 452 1052 ad
477 979 633 1073 literam,
660 978 743 1052 dicit
769 986 896 1054 autor:
923 985 1034 1072 Elei,
1061 983 1196 1056 scilicet
1222 1003 1314 1076 papa
1340 982 1449 1055 Nico-

273 1099 366 1192 laus,
393 1091 512 1190 quod,
539 1105 636 1172 totus
662 1100 897 1195 stupefactus,
920 1111 1046 1196 petens
1073 1086 1447 1176 cumadmiratione:

271 1221 322 1289 sd
335 1226 370 1291 tu
394 1208 456 1308 pid
480 1210 564 1291 corti
587 1222 683 1309 ritto,
709 1223 919 1313 Bonisorio?
936 1222 1040 1314 quasi
1060 1221 1173 1296 dieat:
1193 1242 1232 1295 es
1259 1228 1300 1294 tu
1315 1214 1351 1313 (¹)
1372 1228 1445 1294 tam

272 1339 347 1412 cito
372 1339 431 1412 hic
456 1344 645 1433 praesens‘l
670 1339 713 1411 Et
740 1341 868 1434 repetit
893 1341 960 1435 bis,
981 1342 1074 1417 sicut
1100 1343 1237 1415 iaciunt
1262 1342 1448 1415 admiran-

165 1552 170 1558 .
273 1466 341 1532 tes.
359 1458 403 1530 Et
420 1459 534 1554 tangit
555 1478 706 1531 causam
719 1460 830 1553 justae
847 1461 1106 1554 admirationis,
1128 1462 1273 1536 dicens:
1296 1466 1329 1534 lo
1346 1465 1448 1535 scrit-

271 1586 322 1668 to,
348 1578 441 1652 idest
460 1579 641 1673 scriptura
666 1580 876 1673 prophetiae,
896 1602 1008 1673 quam
1036 1580 1119 1674 vidi,
1143 1585 1191 1653 mi
1215 1576 1329 1674 merati,
1358 1583 1448 1655 idest

272 1699 429 1772 mentita
457 1699 535 1793 init,
566 1706 603 1773 et
632 1698 721 1772 dixit
755 1700 842 1773 milri
870 1700 1013 1794 salsum,
1040 1701 1069 1773 si
1096 1721 1229 1775 verum
1255 1710 1321 1796 est,
1348 1702 1447 1795 quod

272 1827 316 1893 tu
342 1819 390 1893 sis
420 1819 637 1913 Boniiacius,
663 1823 700 1892 di
719 1824 884 1913 pnreroli
909 1824 1003 1893 orani.
1037 1821 1080 1893 Et
1111 1823 1205 1896 hene
1234 1821 1330 1916 dicit,
1362 1822 1448 1915 quia

271 1939 481 2013 Bonisaoius
519 1945 689 2013 mortuus
727 1947 781 2014 est
815 1941 851 2014 in
886 1941 1066 2035 llCCClll,
1101 1949 1138 2035 et
1178 1950 1287 2016 autor
1321 1942 1448 2018 habuit

272 2056 369 2132 hanc
394 2058 572 2132 visionem
598 2059 636 2131 in
661 2058 801 2152 llCCC;
828 2081 916 2156 ergo
943 2061 1148 2135 Bonilacius
1174 2069 1253 2136 erat
1280 2063 1447 2135 victurus

270 2179 395 2253 adhuc
419 2178 564 2253 duobus
590 2179 693 2252 annis
719 2186 755 2254 et
781 2182 968 2255 mensibus
992 2202 1136 2256 novem.
1164 2184 1249 2257 Ideo
1275 2184 1369 2257 bene
1395 2182 1449 2255 di-

272 2300 334 2391 cit,
360 2301 399 2372 di
417 2301 583 2390 pareret-i
607 2302 710 2371 anni:
736 2306 773 2373 et
799 2301 849 2374 sic
875 2311 972 2392 nota,
990 2303 1089 2395 quod
1115 2304 1320 2377 Bonifaoius
1348 2304 1449 2376 vive·

274 2418 339 2491 bat
377 2417 521 2512 adhuc;
555 2425 590 2492 et
628 2426 738 2492 autor
775 2440 998 2515 cognoscens
1026 2422 1151 2515 ,ipsum
1192 2423 1447 2515 simoniacum,

272 2537 355 2610 nult
379 2538 573 2611 ostendere
598 2538 699 2610 illum
728 2539 867 2611 iturum
884 2532 921 2631 (²)
949 2541 995 2613 ad
1021 2542 1216 2614 infernum.
1243 2543 1327 2615 ldeo
1353 2542 1448 2616 beno

274 2659 379 2755 lingit
395 2658 508 2732 alium
528 2659 768 2732 simoniacum
786 2660 1015 2752 damnatum,
1030 2660 1092 2752 qui
1114 2661 1329 2754 expectabat
1346 2681 1446 2752 eum,

272 2780 474 2877 predicere
499 2779 566 2852 sibi
589 2780 668 2852 hoo.
691 2781 769 2853 lmo
786 2788 906 2872 autor,
925 2780 1072 2872 quando
1094 2780 1159 2853 ista
1179 2781 1330 2875 scripsit,
1349 2780 1450 2853 vide-

273 2908 332 2975 rat
357 2921 510 2994 pravam
544 2900 656 2973 vitam
688 2900 873 2993 Bonilacii,
904 2901 1045 2974 eteius
1076 2910 1235 2975 mortem
1270 2900 1447 2993 rabidam,

273 3021 357 3095 ideo
375 3021 469 3093 bene
481 3018 669 3113 jndicabat
687 3039 774 3092 eum
795 3019 1021 3092 damnatum.
1041 3019 1111 3094 Sed
1130 3021 1275 3093 videtur
1291 3022 1450 3115 prophe-

273 3149 355 3215 tare
381 3138 428 3219 de
453 3159 511 3232 eo,
537 3138 623 3230 quia
649 3139 760 3212 habet
777 3145 984 3232 respectum
1010 3139 1056 3211 ad
1082 3146 1227 3233 tempus
1245 3161 1322 3213 suae
1341 3141 1450 3214 visio-

273 3261 341 3353 nis,
370 3279 443 3332 non
467 3258 514 3331 ad
546 3264 691 3351 tempus
723 3257 817 3330 iacti.
845 3258 936 3331 Nota
971 3258 1081 3332 etiam
1113 3259 1212 3352 quod
1245 3260 1450 3333 Bonisaeius

275 3400 349 3453 non
376 3379 443 3452 suit
468 3378 608 3473 primus
633 3399 726 3472 papa
752 3378 962 3452 immediate
979 3386 1059 3473 post
1076 3380 1279 3475 Nicolaum,
1297 3382 1359 3455 sed
1383 3381 1451 3453 suit

275 3499 418 3594 primus
454 3498 685 3571 simoniacus
717 3498 809 3569 Nam
839 3498 914 3570 duo
942 3498 1092 3571 luerunt
1124 3499 1329 3573 intermedii
1364 3500 1449 3573 boni

276 3620 473 3715 pontifices,
505 3617 638 3691 seilicet
670 3638 762 3712 papa
794 3617 969 3690 Martinus
997 3618 1044 3691 de
1062 3620 1192 3692 'Turso
1223 3619 1329 3693 bonae
1361 3640 1450 3692 con·
1544 3682 1549 3691 .

274 3740 448 3833 scientiae,
466 3739 549 3812 licet
567 3739 672 3811 malae
689 3739 806 3834 gulae3
825 3745 862 3811 et
879 3737 1106 3830 Coelestinus,
1125 3739 1180 3810 vir
1198 3744 1334 3811 sanctae
1352 3739 1447 3831 vitae,

274 3861 324 3935 de
349 3880 424 3953 quo
449 3859 586 3932 dictum
613 3863 668 3932 est
694 3859 737 3930 lll
763 3858 921 3952 capitulo
947 3857 1056 3929 huius
1081 3857 1213 3930 lnlerni
1243 3863 1280 3930 et
1309 3857 1451 3931 dicetur

274 3979 399 4054 statim
424 3979 493 4053 lrio.
508 3981 671 4051 -Se'tn
695 3970 724 4050 si
750 3986 847 4050 tosto.
876 3977 940 4050 llic
969 3977 1087 4050 dietus
1120 3976 1289 4049 Nicolaus
1315 3977 1452 4070 impro-

275 4105 381 4194 perat
407 4098 589 4171 Boniiacio
614 4098 688 4171 duo
716 4098 831 4170 mala:
859 4098 977 4191 primo
1004 4097 1090 4190 quia
1117 4116 1286 4190 sponsam
1320 4097 1450 4171 Christi

275 4218 529 4293 fraudulenter
550 4219 746 4314 assumpsit
763 4218 808 4292 de
824 4211 860 4309 (³)
881 4239 993 4290 manu
1012 4218 1170 4291 Pastoris
1187 4217 1375 4312 simplicis:
1395 4240 1452 4294 se·

274 4338 399 4414 cundo
424 4340 509 4431 quia
526 4327 562 4430 (⁴)
589 4359 672 4412 eam
698 4359 804 4412 moro
826 4337 1033 4411 meretricio
1055 4338 1233 4431 tractavit,
1252 4337 1450 4414 simoniace

1346 4476 1452 4487 ——-

342 4527 368 4585 l'l
384 4524 416 4573 Il.
433 4529 461 4573 tu
475 4525 529 4588 jam
546 4530 599 4575 tam
616 4525 675 4575 rito.
897 4522 925 4587 (²)
940 4524 970 4573 li.
988 4524 1063 4574 illum
1081 4525 1166 4575 rivum
1183 4524 1223 4573 ad.

341 4599 369 4663 (Ἴ
387 4606 441 4663 llo,
457 4602 489 4650 de
506 4602 633 4652 manibus.
898 4600 925 4662 (⁸)
942 4601 972 4651 E.
989 4601 1050 4664 quia
1065 4603 1144 4652 otiam
1160 4615 1244 4680 eam..
