3450 5580
275 461 320 525 16
670 469 874 525 couunruu
900 468 1052 521 insnum

272 635 370 709 nam,
397 632 496 687 nunc
521 633 607 688 cum
633 612 740 705 iuste,
758 631 858 686 nunc
884 631 971 685 cum
996 609 1107 703 ferro,
1129 608 1216 702 quia
1241 608 1363 704 gladio
1389 607 1448 682 vel

271 754 360 809 ense
384 733 517 826 ferreo,
535 751 634 806 nunc
651 732 782 828 pugnis
804 736 841 806 et
860 729 1031 823 calcibus,
1050 727 1196 822 quando
1218 748 1291 801 non
1316 745 1449 801 occur·

273 860 360 927 runt
385 853 452 926 sibi
477 853 547 926 alia
573 872 694 945 arma,
712 843 784 924 cosi
805 851 1000 943 portando,
1018 847 1109 922 idest
1127 847 1188 920 illo
1206 845 1379 920 Venetioo
1397 845 1449 920 ita

271 975 456 1067 loquente,
483 972 595 1047 etita
620 971 718 1046 dedit
744 971 810 1044 sibi
839 969 1035 1065 praemium
1065 966 1284 1042 narrationis
1311 986 1403 1059 suae3
1431 987 1450 1039 e

271 1096 382 1167 doce.-
407 1095 466 1166 oto
490 1097 631 1184 ruffina,
649 1092 754 1186 quasi
780 1091 893 1166 dicat:
913 1089 1046 1165 recede
1066 1088 1150 1162 binc
1170 1088 1208 1161 in
1228 1087 1325 1161 mala
1342 1087 1448 1182 bora,

272 1234 345 1288 non
360 1206 397 1306 (⁴)
424 1212 523 1287 dicas
547 1213 629 1308 plus
654 1212 701 1286 de
727 1212 795 1286 ista
821 1209 988 1303 materia,
1015 1208 1102 1302 quia
1127 1207 1215 1280 nibil
1241 1226 1365 1301 posses
1390 1207 1450 1281 lu·

272 1334 370 1410 orari
393 1333 453 1408 bic
478 1332 545 1406 uisi
571 1333 740 1426 verbera,
757 1331 861 1424 quia:
883 1334 942 1422 qui
957 1351 1029 1404 non
1044 1350 1110 1402 son
1123 1331 1250 1422 semiue
1267 1330 1316 1401 da
1333 1330 1449 1419 cono,

273 1453 365 1529 idest
389 1454 436 1528 ad
461 1455 621 1547 lucrum,
646 1451 693 1526 ad
719 1451 899 1544 denarios,
930 1450 976 1524 ad
1005 1449 1212 1544 pecuniam.
1244 1448 1289 1521 Et
1318 1447 1377 1521 bic
1402 1468 1450 1522 ex

272 1573 443 1646 omnibus
467 1573 571 1649 dictis
599 1579 702 1667 potes
734 1571 917 1667 colligere,
951 1570 1050 1664 quod
1083 1575 1192 1643 autor
1218 1574 1342 1641 noster
1375 1588 1450 1642 non

272 1699 375 1767 notat
399 1692 653 1787 bononienses,
671 1691 737 1765 nisi
765 1691 802 1763 in
820 1690 969 1764 infamia
986 1689 1174 1763 minorum
1197 1687 1394 1762 criminum
1413 1693 1451 1762 et

272 1812 419 1887 levioris
445 1814 579 1908 culpae3
606 1813 692 1907 quia
717 1810 763 1886 de
789 1811 844 1884 rei
862 1811 1017 1885 veritate
1033 1810 1276 1884 bononienses
1290 1830 1363 1883 non
1381 1829 1450 1883 no·

275 1943 410 2008 verunt
434 1932 583 2007 fraudes
609 1931 846 2027 serpentinas,
865 1950 933 2005 nec
959 1929 1149 2004 violentias
1172 1929 1353 2021 crudeles,
1367 1929 1451 2023 qui-

275 2052 346 2125 bus
370 2058 480 2127 autor
505 2052 658 2126 infamat
683 2052 819 2124 multas
844 2050 1020 2124 nationes.
1040 2050 1083 2123 Et
1100 2069 1190 2124 vere
1207 2049 1450 2123 bononienses

273 2178 359 2244 sunt
384 2170 551 2246 homines
577 2172 741 2246 carnales
756 2163 806 2265 (²),
829 2171 945 2245 dulcis
969 2170 1168 2266 sanguinis,
1186 2176 1223 2244 et
1242 2169 1365 2244 suavis
1381 2190 1450 2244 na·

275 2297 385 2384 turae3
401 2290 465 2383 qui
478 2312 590 2387 super
603 2297 757 2365 caeteros
774 2290 912 2364 italicos
927 2289 1141 2364 familiarius
1155 2295 1312 2364 tractant
1324 2288 1450 2363 loren-¹

274 2430 344 2503 ses,
361 2421 399 2485 et
415 2410 607 2506 benignius
620 2411 745 2484 fovent
762 2417 799 2484 et
812 2411 1009 2503 honorant,
1024 2415 1061 2482 et
1071 2414 1113 2481 ut
1125 2413 1211 2482 utar
1228 2415 1450 2504 argumento

273 2529 414 2603 Dantis:
442 2551 514 2604 non
538 2551 666 2624 quaero
682 2531 793 2604 aliam
811 2530 967 2626 probam
985 2528 1052 2602 nisi
1069 2528 1345 2623 experientiam,
1363 2528 1450 2623 quia

275 2649 325 2722 lui
352 2648 400 2723 ibi
425 2670 491 2745 per
518 2650 749 2725 decennium.

347 2773 388 2841 lo
405 2791 460 2842 me
475 2773 670 2861 rappiunsi.
693 2771 764 2844 lsta
789 2776 845 2843 est
870 2766 977 2844 tertia
1003 2787 1087 2861 pars
1108 2767 1300 2862 generalis,
1321 2766 1357 2839 in
1376 2787 1450 2860 qua

271 2898 382 2964 autor
407 2911 507 2964 nunc
525 2897 657 2964 tractat
673 2889 720 2963 de
736 2889 999 2984 decipientibus
1016 2888 1191 2962 mulieres
1207 2908 1275 2983 pro
1293 2908 1333 2962 se
1353 2888 1448 2983 ipsis.

271 3010 316 3082 ut
340 3009 460 3102 primo
484 3015 605 3101 autor,
623 3008 840 3083 continuans
865 3007 959 3082 dicta
984 3006 1155 3101 dicendis,
1176 3006 1331 3081 ostendit
1357 3028 1451 3101 quo·

272 3130 382 3204 modo
413 3136 663 3224 pervenerunt
694 3129 740 3203 ad
775 3129 1103 3205 considerationem
1140 3127 1311 3203 secundae
1340 3134 1450 3203 sectae

272 3250 439 3341 istorum,
466 3248 609 3322 dicens:
627 3253 668 3321 lo
694 3271 748 3322 mc
772 3252 959 3341 raggiunsi
974 3271 1041 3323 con
1058 3252 1095 3322 la
1110 3256 1230 3322 scorto
1254 3251 1339 3339 mio,
1357 3248 1449 3323 idest

272 3389 359 3444 cum
386 3368 535 3464 Virgilio
562 3368 625 3461 qui
652 3376 880 3444 remanserat
905 3376 942 3444 et
967 3369 1184 3464 expectabat
1199 3360 1236 3461 (³)
1262 3388 1362 3461 eum,
1381 3389 1450 3460 po-

271 3493 346 3564 rcio
362 3491 571 3563 dtvcotmmo
587 3510 654 3562 con
664 3492 770 3582 pocltt
778 3493 878 3581 possi
893 3493 982 3563 doec
997 3511 1068 3564 uno
1084 3492 1228 3582 scopd'o,
1243 3489 1333 3564 idest
1352 3509 1449 3562 unus

271 3630 381 3685 arcus
397 3609 528 3704 pontis,
544 3613 642 3683 uscia
658 3613 701 3684 de
718 3612 754 3683 la
770 3612 863 3702 meo,
883 3611 970 3706 quia
991 3611 1182 3707 incipiebat
1199 3611 1247 3684 ab
1264 3610 1340 3682 imo
1360 3609 1448 3704 ripae

270 3733 354 3807 altae
369 3737 408 3805 et
428 3728 648 3804 extendebat
665 3751 706 3805 se
725 3729 772 3805 ad
788 3731 988 3805 secundam
1007 3730 1136 3826 ripam,
1155 3730 1204 3804 ita
1220 3718 1258 3821 (⁴)
1276 3728 1377 3822 quod
1392 3734 1448 3803 te-

271 3852 382 3946 gebat
406 3849 564 3944 primam
590 3850 764 3946 bulgiam.
783 3850 885 3925 Unde
902 3850 1092 3924 considera
1114 3849 1173 3922 bic
1193 3848 1299 3942 bene,
1318 3848 1446 3941 lector,

270 3990 319 4043 ne
344 3968 490 4063 fallaris,
516 3968 611 4043 sicut
634 3970 741 4043 multi
765 3968 997 4064 decipiuntur
1018 3968 1087 4061 bic,
1115 3966 1213 4062 quod
1238 3973 1348 4040 autor
1374 3986 1449 4039 non

272 4089 474 4162 intraverat
505 4088 626 4162 adbuc
656 4089 819 4184 primum
849 4094 1011 4183 pontem,
1037 4088 1113 4161 imo
1144 4095 1226 4162 erat
1256 4087 1378 4161 adbuc
1410 4085 1449 4160 in

272 4206 350 4302 ripa
375 4206 447 4279 alta
474 4227 558 4298 quae
584 4207 744 4282 continet
759 4227 888 4281 omnes
905 4206 1060 4303 bulgias,
1080 4213 1118 4282 et
1136 4227 1202 4302 per
1220 4226 1449 4300 consequens

272 4324 408 4401 claudit
432 4324 539 4401 utam
564 4326 740 4420 primam;
766 4333 804 4402 et
829 4324 951 4401 eundo
981 4346 1048 4421 per
1076 4347 1160 4402 eam
1186 4326 1233 4401 ad
1264 4325 1448 4400 sinistram

335 4514 363 4575 l¹l
380 4512 411 4562 Ε·
428 4525 478 4562 nec
494 4511 571 4562 dicas·
797 4513 872 4576 (²113.
889 4514 1009 4565 corrues.

336 4591 362 4653 (⁸)
380 4594 434 4652 llo,
450 4594 640 4653 expectarent.
798 4591 825 4656 (¹)
841 4591 867 4643 S.
885 4593 920 4643 lta
936 4593 1006 4658 quod
1022 4594 1151 4658 tangebat.
1161 4591 1229 4644 -Ε,
1245 4591 1281 4643 ltu
1298 4591 1408 4656 legebat.
