<?xml version="1.0" encoding="UTF-8"?>
<!DOCTYPE html PUBLIC "-//W3C//DTD XHTML 1.0 Transitional//EN"
    "http://www.w3.org/TR/xhtml1/DTD/xhtml1-transitional.dtd">
<html xmlns="http://www.w3.org/1999/xhtml" xml:lang="en" lang="en">
 <head>
  <title>
</title>
<meta http-equiv="Content-Type" content="text/html;charset=utf-8" />
  <meta name='ocr-system' content='tesseract 3.04.00' />
  <meta name='ocr-capabilities' content='ocr_page ocr_carea ocr_par ocr_line ocrx_word'/>
</head>
<body>
  <div class='ocr_page' id='page_1' title='image "benevenutideram00benvgoog_0020.png"; bbox 0 0 3450 5580; ppageno 0'>
   <div class='ocr_carea' id='block_1_1' title="bbox 481 454 1323 520">
    <p class='ocr_par' dir='ltr' id='par_1_1' title="bbox 481 454 1323 520">
     <span class='ocr_line' id='line_1_1' title="bbox 481 454 1323 520; baseline 0.008 -7"><span class='ocrx_word' id='word_1_1' title='bbox 481 459 618 515; x_wconf 81' lang='lat' dir='ltr'><strong>caurus</strong></span> <span class='ocrx_word' id='word_1_2' title='bbox 644 461 801 517; x_wconf 78' lang='lat' dir='ltr'><strong>uncinus</strong></span> <span class='ocrx_word' id='word_1_3' title='bbox 826 461 997 517; x_wconf 80' lang='lat' dir='ltr'><strong>ocrnvus.</strong></span> <span class='ocrx_word' id='word_1_4' title='bbox 1263 456 1264 459; x_wconf 68' lang='lat'>‘</span> <span class='ocrx_word' id='word_1_5' title='bbox 1301 454 1323 520; x_wconf 81' lang='lat' dir='ltr'><strong>&#39;l</strong></span> 
     </span>
    </p>
   </div>
   <div class='ocr_carea' id='block_1_2' title="bbox 140 598 1328 3822">
    <p class='ocr_par' dir='ltr' id='par_1_2' title="bbox 140 598 1328 3822">
     <span class='ocr_line' id='line_1_2' title="bbox 145 598 1326 703; baseline 0.005 -25"><span class='ocrx_word' id='word_1_6' title='bbox 145 623 209 678; x_wconf 90' lang='lat' dir='ltr'><strong>sus</strong></span> <span class='ocrx_word' id='word_1_7' title='bbox 224 598 260 696; x_wconf 78' lang='lat'><strong>(¹)</strong></span> <span class='ocrx_word' id='word_1_8' title='bbox 287 609 456 700; x_wconf 87' lang='lat' dir='ltr'><strong>puteum,</strong></span> <span class='ocrx_word' id='word_1_9' title='bbox 482 603 595 697; x_wconf 85' lang='lat' dir='ltr'>aliqui</span> <span class='ocrx_word' id='word_1_10' title='bbox 620 604 667 678; x_wconf 93' lang='lat' dir='ltr'><strong>ad</strong></span> <span class='ocrx_word' id='word_1_11' title='bbox 692 604 861 679; x_wconf 82' lang='lat' dir='ltr'><strong>dextram</strong></span> <span class='ocrx_word' id='word_1_12' title='bbox 886 627 1017 681; x_wconf 85' lang='lat' dir='ltr'><strong>versus</strong></span> <span class='ocrx_word' id='word_1_13' title='bbox 1036 607 1234 703; x_wconf 93' lang='lat' dir='ltr'><strong>septimum</strong></span> <span class='ocrx_word' id='word_1_14' title='bbox 1252 610 1326 684; x_wconf 86' lang='lat' dir='ltr'><strong>eir·</strong></span> 
     </span>
     <span class='ocr_line' id='line_1_3' title="bbox 146 726 1327 824; baseline 0.006 -25"><span class='ocrx_word' id='word_1_15' title='bbox 146 726 288 820; x_wconf 86' lang='lat' dir='ltr'><strong>culum,</strong></span> <span class='ocrx_word' id='word_1_16' title='bbox 313 747 336 800; x_wconf 89' lang='lat' dir='ltr'><strong>a</strong></span> <span class='ocrx_word' id='word_1_17' title='bbox 361 745 438 819; x_wconf 87' lang='lat' dir='ltr'><strong>quo</strong></span> <span class='ocrx_word' id='word_1_18' title='bbox 468 734 697 799; x_wconf 79' lang='lat' dir='ltr'><strong>recesserant</strong></span> <span class='ocrx_word' id='word_1_19' title='bbox 726 726 896 822; x_wconf 83' lang='lat' dir='ltr'><strong>Virgilius</strong></span> <span class='ocrx_word' id='word_1_20' title='bbox 922 733 959 801; x_wconf 90' lang='lat' dir='ltr'><strong>et</strong></span> <span class='ocrx_word' id='word_1_21' title='bbox 984 728 1129 822; x_wconf 88' lang='lat' dir='ltr'><strong>Dantes,</strong></span> <span class='ocrx_word' id='word_1_22' title='bbox 1156 731 1219 824; x_wconf 86' lang='lat' dir='ltr'><strong>qui</strong></span> <span class='ocrx_word' id='word_1_23' title='bbox 1245 738 1327 806; x_wconf 91' lang='lat' dir='ltr'><strong>erat</strong></span> 
     </span>
     <span class='ocr_line' id='line_1_4' title="bbox 145 845 1326 946; baseline 0.006 -27"><span class='ocrx_word' id='word_1_24' title='bbox 145 845 252 940; x_wconf 82' lang='lat' dir='ltr'><strong>quasi</strong></span> <span class='ocrx_word' id='word_1_25' title='bbox 277 865 384 918; x_wconf 93' lang='lat' dir='ltr'><strong>mous</strong></span> <span class='ocrx_word' id='word_1_26' title='bbox 410 851 580 940; x_wconf 81' lang='lat' dir='ltr'><strong>respectu</strong></span> <span class='ocrx_word' id='word_1_27' title='bbox 606 845 792 939; x_wconf 88' lang='lat' dir='ltr'><strong>sequentis</strong></span> <span class='ocrx_word' id='word_1_28' title='bbox 817 846 1005 941; x_wconf 83' lang='lat' dir='ltr'><strong>bassioris3</strong></span> <span class='ocrx_word' id='word_1_29' title='bbox 1031 848 1145 922; x_wconf 89' lang='lat' dir='ltr'><strong>etsie</strong></span> <span class='ocrx_word' id='word_1_30' title='bbox 1174 869 1326 946; x_wconf 89' lang='lat' dir='ltr'><strong>compa-</strong></span> 
     </span>
     <span class='ocr_line' id='line_1_5' title="bbox 144 957 1326 1067; baseline 0.003 -26"><span class='ocrx_word' id='word_1_31' title='bbox 144 967 240 1041; x_wconf 80' lang='lat' dir='ltr'><strong>ratio</strong></span> <span class='ocrx_word' id='word_1_32' title='bbox 266 974 323 1041; x_wconf 89' lang='lat' dir='ltr'><strong>est</strong></span> <span class='ocrx_word' id='word_1_33' title='bbox 346 965 433 1039; x_wconf 92' lang='lat' dir='ltr'><strong>satis</strong></span> <span class='ocrx_word' id='word_1_34' title='bbox 458 965 608 1060; x_wconf 88' lang='lat' dir='ltr'><strong>propria</strong></span> <span class='ocrx_word' id='word_1_35' title='bbox 634 966 720 1060; x_wconf 90' lang='lat' dir='ltr'><strong>quia</strong></span> <span class='ocrx_word' id='word_1_36' title='bbox 736 957 772 1058; x_wconf 84' lang='lat'><strong>(¹)</strong></span> <span class='ocrx_word' id='word_1_37' title='bbox 792 967 838 1040; x_wconf 95' lang='lat' dir='ltr'><strong>de</strong></span> <span class='ocrx_word' id='word_1_38' title='bbox 863 967 1019 1041; x_wconf 93' lang='lat' dir='ltr'><strong>transitu</strong></span> <span class='ocrx_word' id='word_1_39' title='bbox 1045 968 1091 1042; x_wconf 89' lang='lat' dir='ltr'><strong>ad</strong></span> <span class='ocrx_word' id='word_1_40' title='bbox 1118 971 1326 1067; x_wconf 87' lang='lat' dir='ltr'><strong>transitum,</strong></span> 
     </span>
     <span class='ocr_line' id='line_1_6' title="bbox 144 1085 1325 1182; baseline 0.003 -20"><span class='ocrx_word' id='word_1_41' title='bbox 144 1087 192 1162; x_wconf 90' lang='lat' dir='ltr'><strong>de</strong></span> <span class='ocrx_word' id='word_1_42' title='bbox 217 1086 471 1182; x_wconf 85' lang='lat' dir='ltr'><strong>peccatoribus</strong></span> <span class='ocrx_word' id='word_1_43' title='bbox 496 1086 543 1159; x_wconf 95' lang='lat' dir='ltr'><strong>ad</strong></span> <span class='ocrx_word' id='word_1_44' title='bbox 568 1093 789 1180; x_wconf 85' lang='lat' dir='ltr'><strong>peccatores.</strong></span> <span class='ocrx_word' id='word_1_45' title='bbox 809 1085 880 1161; x_wconf 88' lang='lat' dir='ltr'><strong>Sed</strong></span> <span class='ocrx_word' id='word_1_46' title='bbox 907 1088 1097 1181; x_wconf 85' lang='lat' dir='ltr'><strong>romipetae</strong></span> <span class='ocrx_word' id='word_1_47' title='bbox 1119 1091 1259 1166; x_wconf 84' lang='lat' dir='ltr'><strong>radunt</strong></span> <span class='ocrx_word' id='word_1_48' title='bbox 1279 1093 1325 1166; x_wconf 95' lang='lat' dir='ltr'><strong>ad</strong></span> 
     </span>
     <span class='ocr_line' id='line_1_7' title="bbox 145 1195 1327 1303; baseline 0.003 -22"><span class='ocrx_word' id='word_1_49' title='bbox 145 1206 411 1303; x_wconf 84' lang='lat' dir='ltr'><strong>indulgentiam</strong></span> <span class='ocrx_word' id='word_1_50' title='bbox 436 1211 478 1278; x_wconf 87' lang='lat' dir='ltr'><strong>ut</strong></span> <span class='ocrx_word' id='word_1_51' title='bbox 493 1195 531 1296; x_wconf 86' lang='lat'><strong>(³)</strong></span> <span class='ocrx_word' id='word_1_52' title='bbox 548 1211 754 1301; x_wconf 86' lang='lat' dir='ltr'><strong>purgentur</strong></span> <span class='ocrx_word' id='word_1_53' title='bbox 770 1228 793 1281; x_wconf 93' lang='lat' dir='ltr'><strong>a</strong></span> <span class='ocrx_word' id='word_1_54' title='bbox 809 1207 985 1302; x_wconf 77' lang='lat' dir='ltr'><strong>peccatis,</strong></span> <span class='ocrx_word' id='word_1_55' title='bbox 1004 1209 1060 1282; x_wconf 91' lang='lat' dir='ltr'><strong>isti</strong></span> <span class='ocrx_word' id='word_1_56' title='bbox 1080 1230 1169 1284; x_wconf 90' lang='lat' dir='ltr'><strong>vero</strong></span> <span class='ocrx_word' id='word_1_57' title='bbox 1187 1211 1327 1285; x_wconf 90' lang='lat' dir='ltr'><strong>vadunt</strong></span> 
     </span>
     <span class='ocr_line' id='line_1_8' title="bbox 143 1326 1325 1429; baseline 0.001 -24"><span class='ocrx_word' id='word_1_58' title='bbox 143 1327 191 1405; x_wconf 88' lang='lat' dir='ltr'><strong>ad</strong></span> <span class='ocrx_word' id='word_1_59' title='bbox 216 1348 366 1423; x_wconf 86' lang='lat' dir='ltr'><strong>poenam</strong></span> <span class='ocrx_word' id='word_1_60' title='bbox 391 1332 434 1399; x_wconf 97' lang='lat' dir='ltr'><strong>ut</strong></span> <span class='ocrx_word' id='word_1_61' title='bbox 464 1326 664 1421; x_wconf 84' lang='lat' dir='ltr'><strong>puniantur</strong></span> <span class='ocrx_word' id='word_1_62' title='bbox 696 1327 740 1402; x_wconf 93' lang='lat' dir='ltr'><strong>de</strong></span> <span class='ocrx_word' id='word_1_63' title='bbox 771 1328 938 1422; x_wconf 87' lang='lat' dir='ltr'><strong>peocatis.</strong></span> <span class='ocrx_word' id='word_1_64' title='bbox 969 1329 1026 1402; x_wconf 81' lang='lat' dir='ltr'><strong>Ad</strong></span> <span class='ocrx_word' id='word_1_65' title='bbox 1054 1329 1199 1404; x_wconf 87' lang='lat' dir='ltr'><strong>literam</strong></span> <span class='ocrx_word' id='word_1_66' title='bbox 1234 1352 1325 1429; x_wconf 91' lang='lat' dir='ltr'><strong>ergo</strong></span> 
     </span>
     <span class='ocr_line' id='line_1_9' title="bbox 144 1438 1326 1541; baseline 0.003 -19"><span class='ocrx_word' id='word_1_67' title='bbox 144 1448 231 1522; x_wconf 87' lang='lat' dir='ltr'><strong>dicit</strong></span> <span class='ocrx_word' id='word_1_68' title='bbox 255 1453 377 1540; x_wconf 89' lang='lat' dir='ltr'><strong>autor,</strong></span> <span class='ocrx_word' id='word_1_69' title='bbox 403 1446 503 1540; x_wconf 87' lang='lat' dir='ltr'><strong>quod</strong></span> <span class='ocrx_word' id='word_1_70' title='bbox 533 1446 588 1519; x_wconf 93' lang='lat' dir='ltr'><strong>isti</strong></span> <span class='ocrx_word' id='word_1_71' title='bbox 620 1453 831 1541; x_wconf 81' lang='lat' dir='ltr'><strong>peccatores</strong></span> <span class='ocrx_word' id='word_1_72' title='bbox 855 1448 939 1523; x_wconf 88' lang='lat' dir='ltr'><strong>hinc</strong></span> <span class='ocrx_word' id='word_1_73' title='bbox 959 1438 996 1540; x_wconf 72' lang='lat'><strong>(⁵)</strong></span> <span class='ocrx_word' id='word_1_74' title='bbox 1023 1449 1107 1525; x_wconf 92' lang='lat' dir='ltr'><strong>inde</strong></span> <span class='ocrx_word' id='word_1_75' title='bbox 1136 1473 1159 1526; x_wconf 90' lang='lat' dir='ltr'><strong>a</strong></span> <span class='ocrx_word' id='word_1_76' title='bbox 1188 1452 1326 1527; x_wconf 82' lang='lat' dir='ltr'><strong>dextris</strong></span> 
     </span>
     <span class='ocr_line' id='line_1_10' title="bbox 145 1557 1325 1666; baseline 0.004 -24"><span class='ocrx_word' id='word_1_77' title='bbox 145 1574 184 1643; x_wconf 89' lang='lat' dir='ltr'><strong>et</strong></span> <span class='ocrx_word' id='word_1_78' title='bbox 206 1567 360 1641; x_wconf 87' lang='lat' dir='ltr'><strong>sinistris</strong></span> <span class='ocrx_word' id='word_1_79' title='bbox 385 1587 431 1641; x_wconf 91' lang='lat' dir='ltr'><strong>eo</strong></span> <span class='ocrx_word' id='word_1_80' title='bbox 448 1566 558 1640; x_wconf 95' lang='lat' dir='ltr'><strong>modo</strong></span> <span class='ocrx_word' id='word_1_81' title='bbox 576 1557 626 1658; x_wconf 81' lang='lat'><strong>(⁵),</strong></span> <span class='ocrx_word' id='word_1_82' title='bbox 644 1586 739 1640; x_wconf 87' lang='lat' dir='ltr'><strong>come</strong></span> <span class='ocrx_word' id='word_1_83' title='bbox 759 1571 773 1641; x_wconf 80' lang='lat' dir='ltr'><strong>i</strong></span> <span class='ocrx_word' id='word_1_84' title='bbox 794 1572 937 1642; x_wconf 79' lang='lat' dir='ltr'><strong>romum</strong></span> <span class='ocrx_word' id='word_1_85' title='bbox 960 1572 1078 1645; x_wconf 74' lang='lat' dir='ltr'><strong>tunam</strong></span> <span class='ocrx_word' id='word_1_86' title='bbox 1099 1576 1181 1646; x_wconf 86' lang='lat' dir='ltr'><strong>totto</strong></span> <span class='ocrx_word' id='word_1_87' title='bbox 1206 1577 1325 1666; x_wconf 87' lang='lat' dir='ltr'><strong>modo,</strong></span> 
     </span>
     <span class='ocr_line' id='line_1_11' title="bbox 144 1678 1324 1789; baseline 0.004 -26"><span class='ocrx_word' id='word_1_88' title='bbox 144 1689 257 1763; x_wconf 93' lang='lat' dir='ltr'><strong>istum</strong></span> <span class='ocrx_word' id='word_1_89' title='bbox 287 1687 441 1761; x_wconf 93' lang='lat' dir='ltr'><strong>modum</strong></span> <span class='ocrx_word' id='word_1_90' title='bbox 475 1686 595 1760; x_wconf 88' lang='lat' dir='ltr'><strong>adhuc</strong></span> <span class='ocrx_word' id='word_1_91' title='bbox 625 1693 773 1760; x_wconf 92' lang='lat' dir='ltr'><strong>servant</strong></span> <span class='ocrx_word' id='word_1_92' title='bbox 791 1678 828 1780; x_wconf 80' lang='lat'><strong>(⁶)</strong></span> <span class='ocrx_word' id='word_1_93' title='bbox 864 1690 1053 1784; x_wconf 70' lang='lat' dir='ltr'><strong>romipetae</strong></span> <span class='ocrx_word' id='word_1_94' title='bbox 1087 1712 1134 1766; x_wconf 79' lang='lat' dir='ltr'><strong>ex</strong></span> <span class='ocrx_word' id='word_1_95' title='bbox 1167 1713 1206 1767; x_wconf 94' lang='lat' dir='ltr'><strong>se</strong></span> <span class='ocrx_word' id='word_1_96' title='bbox 1240 1694 1324 1789; x_wconf 91' lang='lat' dir='ltr'><strong>ipsis</strong></span> 
     </span>
     <span class='ocr_line' id='line_1_12' title="bbox 144 1806 1326 1905; baseline 0.002 -21"><span class='ocrx_word' id='word_1_97' title='bbox 144 1809 294 1905; x_wconf 88' lang='lat' dir='ltr'><strong>quaudo</strong></span> <span class='ocrx_word' id='word_1_98' title='bbox 320 1806 516 1881; x_wconf 92' lang='lat' dir='ltr'><strong>multitudo</strong></span> <span class='ocrx_word' id='word_1_99' title='bbox 542 1813 596 1880; x_wconf 92' lang='lat' dir='ltr'><strong>est</strong></span> <span class='ocrx_word' id='word_1_100' title='bbox 614 1828 749 1903; x_wconf 90' lang='lat' dir='ltr'><strong>magna</strong></span> <span class='ocrx_word' id='word_1_101' title='bbox 767 1809 905 1905; x_wconf 84' lang='lat' dir='ltr'><strong>Romae,</strong></span> <span class='ocrx_word' id='word_1_102' title='bbox 923 1832 946 1883; x_wconf 90' lang='lat' dir='ltr'><strong>a</strong></span> <span class='ocrx_word' id='word_1_103' title='bbox 962 1815 1151 1903; x_wconf 78' lang='lat' dir='ltr'><strong>pessaria</strong></span> <span class='ocrx_word' id='word_1_104' title='bbox 1169 1821 1268 1904; x_wconf 77' lang='lat' dir='ltr'><strong>pente</strong></span> <span class='ocrx_word' id='word_1_105' title='bbox 1284 1834 1326 1886; x_wconf 81' lang='lat' dir='ltr'><strong>sa</strong></span> 
     </span>
     <span class='ocr_line' id='line_1_13' title="bbox 140 1916 1326 2025; baseline 0.005 -23"><span class='ocrx_word' id='word_1_106' title='bbox 140 1951 209 2023; x_wconf 83' lang='lat' dir='ltr'><strong>per</strong></span> <span class='ocrx_word' id='word_1_107' title='bbox 226 1934 393 2022; x_wconf 78' lang='lat' dir='ltr'><strong>tepente,</strong></span> <span class='ocrx_word' id='word_1_108' title='bbox 410 1916 617 2018; x_wconf 77' lang='lat' dir='ltr'><strong>lluminisl⁷l</strong></span> <span class='ocrx_word' id='word_1_109' title='bbox 637 1928 805 2022; x_wconf 90' lang='lat' dir='ltr'><strong>Tiberini,</strong></span> <span class='ocrx_word' id='word_1_110' title='bbox 819 1951 888 2022; x_wconf 80' lang='lat' dir='ltr'><strong>per</strong></span> <span class='ocrx_word' id='word_1_111' title='bbox 905 1934 1078 2005; x_wconf 66' lang='lat' dir='ltr'><strong>teranto</strong></span> <span class='ocrx_word' id='word_1_112' title='bbox 1095 1937 1216 2025; x_wconf 85' lang='lat' dir='ltr'><strong>molto,</strong></span> <span class='ocrx_word' id='word_1_113' title='bbox 1234 1934 1326 2008; x_wconf 92' lang='lat' dir='ltr'><strong>idest</strong></span> 
     </span>
     <span class='ocr_line' id='line_1_14' title="bbox 144 2047 1328 2148; baseline 0.003 -24"><span class='ocrx_word' id='word_1_114' title='bbox 144 2057 296 2148; x_wconf 91' lang='lat' dir='ltr'><strong>propter</strong></span> <span class='ocrx_word' id='word_1_115' title='bbox 321 2069 495 2144; x_wconf 91' lang='lat' dir='ltr'><strong>magnam</strong></span> <span class='ocrx_word' id='word_1_116' title='bbox 517 2047 788 2124; x_wconf 92' lang='lat' dir='ltr'><strong>multitudinem</strong></span> <span class='ocrx_word' id='word_1_117' title='bbox 807 2052 1101 2147; x_wconf 88' lang='lat' dir='ltr'><strong>peregrinorum,</strong></span> <span class='ocrx_word' id='word_1_118' title='bbox 1120 2057 1245 2127; x_wconf 78' lang='lat' dir='ltr'><strong>tanao</strong></span> <span class='ocrx_word' id='word_1_119' title='bbox 1270 2057 1328 2127; x_wconf 82' lang='lat' dir='ltr'><strong>del</strong></span> 
     </span>
     <span class='ocr_line' id='line_1_15' title="bbox 143 2167 1323 2266; baseline 0.005 -25"><span class='ocrx_word' id='word_1_120' title='bbox 143 2171 307 2261; x_wconf 70' lang='lat' dir='ltr'><strong>pmbtleo,</strong></span> <span class='ocrx_word' id='word_1_121' title='bbox 325 2167 441 2263; x_wconf 89' lang='lat' dir='ltr'><strong>tangit</strong></span> <span class='ocrx_word' id='word_1_122' title='bbox 459 2167 704 2241; x_wconf 87' lang='lat' dir='ltr'><strong>universalem</strong></span> <span class='ocrx_word' id='word_1_123' title='bbox 730 2168 992 2265; x_wconf 86' lang='lat' dir='ltr'><strong>indulgentiam</strong></span> <span class='ocrx_word' id='word_1_124' title='bbox 1017 2192 1083 2266; x_wconf 93' lang='lat' dir='ltr'><strong>per</strong></span> <span class='ocrx_word' id='word_1_125' title='bbox 1101 2174 1323 2248; x_wconf 81' lang='lat' dir='ltr'><strong>vocabulum</strong></span> 
     </span>
     <span class='ocr_line' id='line_1_16' title="bbox 144 2285 1323 2388; baseline 0.001 -23"><span class='ocrx_word' id='word_1_126' title='bbox 144 2289 353 2382; x_wconf 85' lang='lat' dir='ltr'><strong>antiquum.</strong></span> <span class='ocrx_word' id='word_1_127' title='bbox 379 2285 433 2360; x_wconf 80' lang='lat' dir='ltr'><strong>Ad</strong></span> <span class='ocrx_word' id='word_1_128' title='bbox 459 2287 565 2361; x_wconf 85' lang='lat' dir='ltr'><strong>euius</strong></span> <span class='ocrx_word' id='word_1_129' title='bbox 591 2286 835 2383; x_wconf 81' lang='lat' dir='ltr'><strong>cognitionem</strong></span> <span class='ocrx_word' id='word_1_130' title='bbox 862 2295 917 2363; x_wconf 91' lang='lat' dir='ltr'><strong>est</strong></span> <span class='ocrx_word' id='word_1_131' title='bbox 939 2290 1128 2364; x_wconf 85' lang='lat' dir='ltr'><strong>sciendum</strong></span> <span class='ocrx_word' id='word_1_132' title='bbox 1147 2293 1245 2386; x_wconf 91' lang='lat' dir='ltr'><strong>quod</strong></span> <span class='ocrx_word' id='word_1_133' title='bbox 1257 2294 1323 2388; x_wconf 85' lang='lat' dir='ltr'><strong>ju-</strong></span> 
     </span>
     <span class='ocr_line' id='line_1_17' title="bbox 144 2408 1321 2502; baseline 0.002 -18"><span class='ocrx_word' id='word_1_134' title='bbox 144 2410 274 2484; x_wconf 84' lang='lat' dir='ltr'><strong>bilaeus</strong></span> <span class='ocrx_word' id='word_1_135' title='bbox 307 2408 569 2502; x_wconf 88' lang='lat' dir='ltr'><strong>interpretatur</strong></span> <span class='ocrx_word' id='word_1_136' title='bbox 602 2428 723 2480; x_wconf 92' lang='lat' dir='ltr'><strong>annus</strong></span> <span class='ocrx_word' id='word_1_137' title='bbox 756 2409 994 2502; x_wconf 84' lang='lat' dir='ltr'><strong>remissionis,</strong></span> <span class='ocrx_word' id='word_1_138' title='bbox 1029 2416 1067 2483; x_wconf 91' lang='lat' dir='ltr'><strong>et</strong></span> <span class='ocrx_word' id='word_1_139' title='bbox 1097 2418 1153 2486; x_wconf 91' lang='lat' dir='ltr'><strong>est</strong></span> <span class='ocrx_word' id='word_1_140' title='bbox 1187 2433 1321 2486; x_wconf 90' lang='lat' dir='ltr'><strong>nomen</strong></span> 
     </span>
     <span class='ocr_line' id='line_1_18' title="bbox 144 2518 1323 2624; baseline 0.003 -20"><span class='ocrx_word' id='word_1_141' title='bbox 144 2529 374 2621; x_wconf 85' lang='lat' dir='ltr'><strong>hebraicum,</strong></span> <span class='ocrx_word' id='word_1_142' title='bbox 409 2533 445 2601; x_wconf 91' lang='lat' dir='ltr'><strong>et</strong></span> <span class='ocrx_word' id='word_1_143' title='bbox 461 2518 498 2619; x_wconf 82' lang='lat'><strong>(⁸)</strong></span> <span class='ocrx_word' id='word_1_144' title='bbox 529 2526 639 2601; x_wconf 86' lang='lat' dir='ltr'><strong>tiebat</strong></span> <span class='ocrx_word' id='word_1_145' title='bbox 672 2528 708 2599; x_wconf 94' lang='lat' dir='ltr'><strong>in</strong></span> <span class='ocrx_word' id='word_1_146' title='bbox 739 2528 1044 2624; x_wconf 84' lang='lat' dir='ltr'><strong>quinquagesimo</strong></span> <span class='ocrx_word' id='word_1_147' title='bbox 1078 2551 1185 2604; x_wconf 91' lang='lat' dir='ltr'><strong>anno.</strong></span> <span class='ocrx_word' id='word_1_148' title='bbox 1220 2534 1323 2607; x_wconf 87' lang='lat' dir='ltr'><strong>lubi-</strong></span> 
     </span>
     <span class='ocr_line' id='line_1_19' title="bbox 145 2641 1322 2743; baseline 0.002 -19"><span class='ocrx_word' id='word_1_149' title='bbox 145 2652 203 2724; x_wconf 92' lang='lat' dir='ltr'><strong>lus</strong></span> <span class='ocrx_word' id='word_1_150' title='bbox 219 2641 255 2741; x_wconf 75' lang='lat'><strong>(⁹)</strong></span> <span class='ocrx_word' id='word_1_151' title='bbox 283 2648 381 2723; x_wconf 94' lang='lat' dir='ltr'><strong>enim</strong></span> <span class='ocrx_word' id='word_1_152' title='bbox 400 2654 455 2722; x_wconf 95' lang='lat' dir='ltr'><strong>est</strong></span> <span class='ocrx_word' id='word_1_153' title='bbox 480 2654 609 2721; x_wconf 86' lang='lat' dir='ltr'><strong>cantus</strong></span> <span class='ocrx_word' id='word_1_154' title='bbox 633 2667 802 2740; x_wconf 92' lang='lat' dir='ltr'><strong>sonorus,</strong></span> <span class='ocrx_word' id='word_1_155' title='bbox 828 2641 1138 2743; x_wconf 75' lang='lat' dir='ltr'><strong>laetabundusl¹⁰),</strong></span> <span class='ocrx_word' id='word_1_156' title='bbox 1166 2660 1220 2724; x_wconf 93' lang='lat' dir='ltr'><strong>est</strong></span> <span class='ocrx_word' id='word_1_157' title='bbox 1249 2674 1322 2728; x_wconf 85' lang='lat' dir='ltr'><strong>vox</strong></span> 
     </span>
     <span class='ocr_line' id='line_1_20' title="bbox 146 2762 1323 2864; baseline 0.003 -21"><span class='ocrx_word' id='word_1_158' title='bbox 146 2769 299 2845; x_wconf 88' lang='lat' dir='ltr'><strong>ooulusa</strong></span> <span class='ocrx_word' id='word_1_159' title='bbox 316 2789 393 2864; x_wconf 84' lang='lat' dir='ltr'><strong>prae</strong></span> <span class='ocrx_word' id='word_1_160' title='bbox 410 2766 556 2863; x_wconf 89' lang='lat' dir='ltr'><strong>gaudio.</strong></span> <span class='ocrx_word' id='word_1_161' title='bbox 583 2768 623 2839; x_wconf 95' lang='lat' dir='ltr'><strong>ln</strong></span> <span class='ocrx_word' id='word_1_162' title='bbox 648 2787 746 2840; x_wconf 94' lang='lat' dir='ltr'><strong>anno</strong></span> <span class='ocrx_word' id='word_1_163' title='bbox 767 2767 865 2840; x_wconf 92' lang='lat' dir='ltr'><strong>enim</strong></span> <span class='ocrx_word' id='word_1_164' title='bbox 887 2768 1037 2862; x_wconf 80' lang='lat' dir='ltr'><strong>jubilaeo</strong></span> <span class='ocrx_word' id='word_1_165' title='bbox 1057 2762 1109 2861; x_wconf 68' lang='grc' dir='ltr'><strong>(Η)</strong></span> <span class='ocrx_word' id='word_1_166' title='bbox 1134 2769 1244 2845; x_wconf 85' lang='lat' dir='ltr'><strong>flebat</strong></span> <span class='ocrx_word' id='word_1_167' title='bbox 1269 2773 1323 2847; x_wconf 87' lang='lat' dir='ltr'><strong>le-</strong></span> 
     </span>
     <span class='ocr_line' id='line_1_21' title="bbox 146 2886 1323 2982; baseline 0.003 -19"><span class='ocrx_word' id='word_1_168' title='bbox 146 2897 244 2964; x_wconf 93' lang='lat' dir='ltr'><strong>stum</strong></span> <span class='ocrx_word' id='word_1_169' title='bbox 272 2890 398 2961; x_wconf 85' lang='lat' dir='ltr'><strong>laetum</strong></span> <span class='ocrx_word' id='word_1_170' title='bbox 424 2907 510 2961; x_wconf 87' lang='lat' dir='ltr'><strong>cum</strong></span> <span class='ocrx_word' id='word_1_171' title='bbox 537 2887 710 2982; x_wconf 87' lang='lat' dir='ltr'><strong>clangore</strong></span> <span class='ocrx_word' id='word_1_172' title='bbox 736 2886 924 2981; x_wconf 91' lang='lat' dir='ltr'><strong>tubarum,</strong></span> <span class='ocrx_word' id='word_1_173' title='bbox 948 2895 984 2963; x_wconf 89' lang='lat' dir='ltr'><strong>et</strong></span> <span class='ocrx_word' id='word_1_174' title='bbox 1009 2890 1129 2964; x_wconf 85' lang='lat' dir='ltr'><strong>debita</strong></span> <span class='ocrx_word' id='word_1_175' title='bbox 1154 2890 1323 2967; x_wconf 89' lang='lat' dir='ltr'><strong>absolve-</strong></span> 
     </span>
     <span class='ocr_line' id='line_1_22' title="bbox 146 3006 1320 3107; baseline 0.003 -23"><span class='ocrx_word' id='word_1_176' title='bbox 146 3012 295 3103; x_wconf 82' lang='lat' dir='ltr'><strong>bantur,</strong></span> <span class='ocrx_word' id='word_1_177' title='bbox 308 3015 346 3083; x_wconf 89' lang='lat' dir='ltr'><strong>et</strong></span> <span class='ocrx_word' id='word_1_178' title='bbox 362 3006 678 3082; x_wconf 85' lang='lat' dir='ltr'><strong>confirmabantur</strong></span> <span class='ocrx_word' id='word_1_179' title='bbox 694 3006 889 3102; x_wconf 81' lang='lat' dir='ltr'><strong>libertates,</strong></span> <span class='ocrx_word' id='word_1_180' title='bbox 899 3009 1186 3084; x_wconf 83' lang='lat' dir='ltr'><strong>restituebantur</strong></span> <span class='ocrx_word' id='word_1_181' title='bbox 1207 3011 1320 3107; x_wconf 90' lang='lat' dir='ltr'><strong>bona;</strong></span> 
     </span>
     <span class='ocr_line' id='line_1_23' title="bbox 146 3126 1322 3221; baseline 0.003 -17"><span class='ocrx_word' id='word_1_182' title='bbox 146 3136 185 3204; x_wconf 90' lang='lat' dir='ltr'><strong>et</strong></span> <span class='ocrx_word' id='word_1_183' title='bbox 209 3129 335 3204; x_wconf 87' lang='lat' dir='ltr'><strong>dieunt</strong></span> <span class='ocrx_word' id='word_1_184' title='bbox 359 3128 471 3221; x_wconf 86' lang='lat' dir='ltr'><strong>aliqui</strong></span> <span class='ocrx_word' id='word_1_185' title='bbox 497 3126 596 3221; x_wconf 86' lang='lat' dir='ltr'><strong>quod</strong></span> <span class='ocrx_word' id='word_1_186' title='bbox 617 3126 789 3221; x_wconf 84' lang='lat' dir='ltr'><strong>jubilaeus</strong></span> <span class='ocrx_word' id='word_1_187' title='bbox 810 3127 937 3201; x_wconf 90' lang='lat' dir='ltr'><strong>habuit</strong></span> <span class='ocrx_word' id='word_1_188' title='bbox 954 3129 1096 3201; x_wconf 89' lang='lat' dir='ltr'><strong>initium</strong></span> <span class='ocrx_word' id='word_1_189' title='bbox 1122 3151 1145 3204; x_wconf 93' lang='lat' dir='ltr'><strong>a</strong></span> <span class='ocrx_word' id='word_1_190' title='bbox 1170 3131 1322 3207; x_wconf 86' lang='lat' dir='ltr'><strong>victoria</strong></span> 
     </span>
     <span class='ocr_line' id='line_1_24' title="bbox 146 3245 1322 3341; baseline 0.003 -19"><span class='ocrx_word' id='word_1_191' title='bbox 146 3249 254 3322; x_wconf 72' lang='lat' dir='ltr'><strong>Abrae</strong></span> <span class='ocrx_word' id='word_1_192' title='bbox 279 3246 426 3341; x_wconf 84' lang='lat' dir='ltr'><strong>quando</strong></span> <span class='ocrx_word' id='word_1_193' title='bbox 452 3245 608 3320; x_wconf 92' lang='lat' dir='ltr'><strong>redemit</strong></span> <span class='ocrx_word' id='word_1_194' title='bbox 634 3253 803 3341; x_wconf 92' lang='lat' dir='ltr'><strong>nepotem</strong></span> <span class='ocrx_word' id='word_1_195' title='bbox 830 3269 940 3321; x_wconf 91' lang='lat' dir='ltr'><strong>suum</strong></span> <span class='ocrx_word' id='word_1_196' title='bbox 963 3250 1054 3322; x_wconf 89' lang='lat' dir='ltr'><strong>Loth</strong></span> <span class='ocrx_word' id='word_1_197' title='bbox 1080 3249 1126 3324; x_wconf 90' lang='lat' dir='ltr'><strong>de</strong></span> <span class='ocrx_word' id='word_1_198' title='bbox 1151 3251 1322 3326; x_wconf 89' lang='lat' dir='ltr'><strong>manibus</strong></span> 
     </span>
     <span class='ocr_line' id='line_1_25' title="bbox 147 3362 1319 3464; baseline 0.002 -22"><span class='ocrx_word' id='word_1_199' title='bbox 147 3368 259 3442; x_wconf 92' lang='lat' dir='ltr'><strong>trium</strong></span> <span class='ocrx_word' id='word_1_200' title='bbox 274 3388 417 3464; x_wconf 90' lang='lat' dir='ltr'><strong>regum.</strong></span> <span class='ocrx_word' id='word_1_201' title='bbox 427 3367 470 3440; x_wconf 85' lang='lat' dir='ltr'><strong>Et</strong></span> <span class='ocrx_word' id='word_1_202' title='bbox 483 3386 570 3441; x_wconf 81' lang='lat' dir='ltr'><strong>eece</strong></span> <span class='ocrx_word' id='word_1_203' title='bbox 584 3366 736 3440; x_wconf 92' lang='lat' dir='ltr'><strong>modum</strong></span> <span class='ocrx_word' id='word_1_204' title='bbox 749 3368 961 3442; x_wconf 90' lang='lat' dir='ltr'><strong>transeundi</strong></span> <span class='ocrx_word' id='word_1_205' title='bbox 974 3362 1319 3464; x_wconf 78' lang='lat' dir='ltr'><strong>romipetaruml¹²l:</strong></span> 
     </span>
     <span class='ocr_line' id='line_1_26' title="bbox 147 3487 1320 3581; baseline 0.003 -21"><span class='ocrx_word' id='word_1_206' title='bbox 147 3490 206 3560; x_wconf 81' lang='lat' dir='ltr'><strong>alte</strong></span> <span class='ocrx_word' id='word_1_207' title='bbox 228 3491 302 3560; x_wconf 83' lang='lat' dir='ltr'><strong>tutti</strong></span> <span class='ocrx_word' id='word_1_208' title='bbox 317 3490 436 3560; x_wconf 76' lang='lat' dir='ltr'><strong>tunam</strong></span> <span class='ocrx_word' id='word_1_209' title='bbox 452 3489 489 3559; x_wconf 87' lang='lat' dir='ltr'><strong>tu</strong></span> <span class='ocrx_word' id='word_1_210' title='bbox 503 3489 621 3578; x_wconf 72' lang='lat' dir='ltr'><strong>fronte</strong></span> <span class='ocrx_word' id='word_1_211' title='bbox 645 3487 694 3558; x_wconf 84' lang='lat' dir='ltr'><strong>do</strong></span> <span class='ocrx_word' id='word_1_212' title='bbox 720 3489 796 3558; x_wconf 78' lang='lat' dir='ltr'><strong>tun</strong></span> <span class='ocrx_word' id='word_1_213' title='bbox 821 3491 892 3559; x_wconf 86' lang='lat' dir='ltr'><strong>tato</strong></span> <span class='ocrx_word' id='word_1_214' title='bbox 918 3490 1057 3561; x_wconf 81' lang='lat' dir='ltr'><strong>verso’l</strong></span> <span class='ocrx_word' id='word_1_215' title='bbox 1080 3493 1232 3581; x_wconf 71' lang='lat' dir='ltr'><strong>casoto,</strong></span> <span class='ocrx_word' id='word_1_216' title='bbox 1249 3490 1320 3565; x_wconf 86' lang='lat' dir='ltr'><strong>sei-</strong></span> 
     </span>
     <span class='ocr_line' id='line_1_27' title="bbox 147 3604 1320 3703; baseline 0.003 -23"><span class='ocrx_word' id='word_1_217' title='bbox 147 3604 229 3682; x_wconf 86' lang='lat' dir='ltr'><strong>licet</strong></span> <span class='ocrx_word' id='word_1_218' title='bbox 254 3608 370 3682; x_wconf 85' lang='lat' dir='ltr'><strong>sanoti</strong></span> <span class='ocrx_word' id='word_1_219' title='bbox 389 3606 527 3703; x_wconf 77' lang='lat' dir='ltr'><strong>Angeli.</strong></span> <span class='ocrx_word' id='word_1_220' title='bbox 542 3605 595 3679; x_wconf 77' lang='lat' dir='ltr'><strong>nd</strong></span> <span class='ocrx_word' id='word_1_221' title='bbox 613 3607 712 3700; x_wconf 91' lang='lat' dir='ltr'><strong>quod</strong></span> <span class='ocrx_word' id='word_1_222' title='bbox 729 3607 943 3701; x_wconf 91' lang='lat' dir='ltr'><strong>notandum,</strong></span> <span class='ocrx_word' id='word_1_223' title='bbox 958 3609 1055 3702; x_wconf 91' lang='lat' dir='ltr'><strong>quod</strong></span> <span class='ocrx_word' id='word_1_224' title='bbox 1074 3610 1169 3683; x_wconf 94' lang='lat' dir='ltr'><strong>istud</strong></span> <span class='ocrx_word' id='word_1_225' title='bbox 1189 3612 1320 3686; x_wconf 89' lang='lat' dir='ltr'><strong>castel-</strong></span> 
     </span>
     <span class='ocr_line' id='line_1_28' title="bbox 144 3725 1318 3822; baseline 0.002 -21"><span class='ocrx_word' id='word_1_226' title='bbox 144 3729 238 3822; x_wconf 93' lang='lat' dir='ltr'><strong>lum,</strong></span> <span class='ocrx_word' id='word_1_227' title='bbox 262 3727 309 3802; x_wconf 93' lang='lat' dir='ltr'><strong>de</strong></span> <span class='ocrx_word' id='word_1_228' title='bbox 335 3747 410 3822; x_wconf 92' lang='lat' dir='ltr'><strong>quo</strong></span> <span class='ocrx_word' id='word_1_229' title='bbox 435 3725 474 3798; x_wconf 89' lang='lat' dir='ltr'><strong>fit</strong></span> <span class='ocrx_word' id='word_1_230' title='bbox 499 3726 558 3799; x_wconf 87' lang='lat' dir='ltr'><strong>hie</strong></span> <span class='ocrx_word' id='word_1_231' title='bbox 583 3725 732 3817; x_wconf 92' lang='lat' dir='ltr'><strong>mentio,</strong></span> <span class='ocrx_word' id='word_1_232' title='bbox 758 3726 826 3799; x_wconf 86' lang='lat' dir='ltr'><strong>luit</strong></span> <span class='ocrx_word' id='word_1_233' title='bbox 851 3726 938 3799; x_wconf 93' lang='lat' dir='ltr'><strong>olim</strong></span> <span class='ocrx_word' id='word_1_234' title='bbox 964 3728 1153 3821; x_wconf 93' lang='lat' dir='ltr'><strong>sepultura</strong></span> <span class='ocrx_word' id='word_1_235' title='bbox 1172 3728 1318 3803; x_wconf 78' lang='lat' dir='ltr'><strong>Adriani</strong></span> 
     </span>
    </p>
   </div>
   <div class='ocr_carea' id='block_1_3' title="bbox 142 3893 1321 4646">
    <p class='ocr_par' dir='ltr' id='par_1_3' title="bbox 208 3893 1255 3959">
     <span class='ocr_line' id='line_1_29' title="bbox 208 3893 1255 3959; baseline 0.002 -13"><span class='ocrx_word' id='word_1_236' title='bbox 208 3897 237 3959; x_wconf 78' lang='grc'><strong>(’)</strong></span> <span class='ocrx_word' id='word_1_237' title='bbox 253 3901 307 3956; x_wconf 77' lang='lat' dir='ltr'><strong>llo,</strong></span> <span class='ocrx_word' id='word_1_238' title='bbox 325 3911 414 3946; x_wconf 80' lang='lat' dir='ltr'><strong>versus</strong></span> <span class='ocrx_word' id='word_1_239' title='bbox 430 3901 543 3958; x_wconf 77' lang='lat' dir='ltr'><strong>pontem</strong></span> <span class='ocrx_word' id='word_1_240' title='bbox 807 3893 835 3956; x_wconf 63' lang='grc' dir='ltr'><strong>(Ἴ</strong></span> <span class='ocrx_word' id='word_1_241' title='bbox 852 3895 882 3945; x_wconf 79' lang='lat' dir='ltr'><strong>ll.</strong></span> <span class='ocrx_word' id='word_1_242' title='bbox 898 3897 959 3958; x_wconf 80' lang='lat' dir='ltr'><strong>qnia</strong></span> <span class='ocrx_word' id='word_1_243' title='bbox 975 3896 1073 3946; x_wconf 78' lang='lat' dir='ltr'><strong>scilieet</strong></span> <span class='ocrx_word' id='word_1_244' title='bbox 1089 3896 1121 3947; x_wconf 82' lang='lat' dir='ltr'><strong>de</strong></span> <span class='ocrx_word' id='word_1_245' title='bbox 1138 3899 1255 3949; x_wconf 59' lang='lat' dir='ltr'><strong>trauntu.</strong></span> 
     </span>
    </p>

    <p class='ocr_par' dir='ltr' id='par_1_4' title="bbox 207 3969 833 4036">
     <span class='ocr_line' id='line_1_30' title="bbox 207 3969 833 4036; baseline -0.006 -12"><span class='ocrx_word' id='word_1_246' title='bbox 207 3973 235 4036; x_wconf 86' lang='lat'><strong>(¹)</strong></span> <span class='ocrx_word' id='word_1_247' title='bbox 251 3973 282 4023; x_wconf 79' lang='lat' dir='ltr'><strong>ll.</strong></span> <span class='ocrx_word' id='word_1_248' title='bbox 298 3978 328 4023; x_wconf 88' lang='lat' dir='ltr'><strong>ut</strong></span> <span class='ocrx_word' id='word_1_249' title='bbox 343 3986 358 4021; x_wconf 77' lang='grc' dir='ltr'>ι</span> <span class='ocrx_word' id='word_1_250' title='bbox 375 3973 487 4035; x_wconf 79' lang='lat' dir='ltr'><strong>peccatis</strong></span> <span class='ocrx_word' id='word_1_251' title='bbox 503 3971 685 4029; x_wconf 68' lang='lat' dir='ltr'><strong>absolvantw</strong></span> <span class='ocrx_word' id='word_1_252' title='bbox 703 3969 746 4019; x_wconf 80' lang='lat' dir='ltr'><strong>isti</strong></span> <span class='ocrx_word' id='word_1_253' title='bbox 762 3982 833 4020; x_wconf 79' lang='lat' dir='ltr'><strong>roro.</strong></span> 
     </span>
    </p>

    <p class='ocr_par' dir='ltr' id='par_1_5' title="bbox 208 4046 685 4114">
     <span class='ocr_line' id='line_1_31' title="bbox 208 4046 685 4114; baseline -0.015 -13"><span class='ocrx_word' id='word_1_254' title='bbox 208 4051 236 4114; x_wconf 76' lang='grc'><strong>(“)</strong></span> <span class='ocrx_word' id='word_1_255' title='bbox 251 4051 286 4111; x_wconf 77' lang='lat' dir='ltr'><strong>S..</strong></span> <span class='ocrx_word' id='word_1_256' title='bbox 303 4051 334 4099; x_wconf 83' lang='lat' dir='ltr'><strong>B.</strong></span> <span class='ocrx_word' id='word_1_257' title='bbox 350 4062 366 4098; x_wconf 88' lang='lat' dir='ltr'><strong>e</strong></span> <span class='ocrx_word' id='word_1_258' title='bbox 383 4055 437 4109; x_wconf 84' lang='lat' dir='ltr'><strong>llo,</strong></span> <span class='ocrx_word' id='word_1_259' title='bbox 454 4049 525 4099; x_wconf 79' lang='lat' dir='ltr'><strong>ibant</strong></span> <span class='ocrx_word' id='word_1_260' title='bbox 541 4049 601 4096; x_wconf 84' lang='lat' dir='ltr'><strong>binc</strong></span> <span class='ocrx_word' id='word_1_261' title='bbox 617 4046 685 4095; x_wconf 85' lang='lat' dir='ltr'><strong>iude.</strong></span> 
     </span>
    </p>

    <p class='ocr_par' dir='ltr' id='par_1_6' title="bbox 207 4122 1321 4189">
     <span class='ocr_line' id='line_1_32' title="bbox 207 4122 1321 4189; baseline 0.002 -14"><span class='ocrx_word' id='word_1_262' title='bbox 207 4127 235 4189; x_wconf 79' lang='grc'><strong>(“)</strong></span> <span class='ocrx_word' id='word_1_263' title='bbox 252 4127 283 4175; x_wconf 68' lang='lat'><strong>1³„</strong></span> <span class='ocrx_word' id='word_1_264' title='bbox 297 4140 329 4177; x_wconf 84' lang='lat' dir='ltr'><strong>eo</strong></span> <span class='ocrx_word' id='word_1_265' title='bbox 346 4126 432 4186; x_wconf 86' lang='lat' dir='ltr'><strong>modo,</strong></span> <span class='ocrx_word' id='word_1_266' title='bbox 448 4139 501 4189; x_wconf 87' lang='lat' dir='ltr'><strong>quo</strong></span> <span class='ocrx_word' id='word_1_267' title='bbox 517 4137 595 4186; x_wconf 74' lang='lat' dir='ltr'><strong>supra</strong></span> <span class='ocrx_word' id='word_1_268' title='bbox 611 4123 644 4172; x_wconf 84' lang='lat' dir='ltr'><strong>de</strong></span> <span class='ocrx_word' id='word_1_269' title='bbox 660 4122 819 4187; x_wconf 74' lang='lat' dir='ltr'><strong>indulgentia</strong></span> <span class='ocrx_word' id='word_1_270' title='bbox 829 4139 937 4175; x_wconf 80' lang='lat' dir='ltr'><strong>romana</strong></span> <span class='ocrx_word' id='word_1_271' title='bbox 949 4126 1048 4176; x_wconf 86' lang='lat' dir='ltr'><strong>dictum</strong></span> <span class='ocrx_word' id='word_1_272' title='bbox 1057 4129 1104 4185; x_wconf 75' lang='lat' dir='ltr'><strong>est,</strong></span> <span class='ocrx_word' id='word_1_273' title='bbox 1115 4124 1220 4187; x_wconf 77' lang='lat' dir='ltr'><strong>reilioet,</strong></span> <span class='ocrx_word' id='word_1_274' title='bbox 1232 4130 1321 4178; x_wconf 69' lang='lat' dir='ltr'><strong>comat</strong></span> 
     </span>
    </p>

    <p class='ocr_par' dir='ltr' id='par_1_7' title="bbox 142 4274 1319 4417">
     <span class='ocr_line' id='line_1_33' title="bbox 208 4274 1319 4341; baseline 0.002 -14"><span class='ocrx_word' id='word_1_275' title='bbox 208 4279 235 4339; x_wconf 80' lang='grc'><strong>(“)</strong></span> <span class='ocrx_word' id='word_1_276' title='bbox 251 4277 283 4328; x_wconf 82' lang='grc' dir='ltr'><strong>Ε.</strong></span> <span class='ocrx_word' id='word_1_277' title='bbox 299 4281 450 4328; x_wconf 72' lang='lat' dir='ltr'><strong>servantes</strong></span> <span class='ocrx_word' id='word_1_278' title='bbox 466 4289 494 4326; x_wconf 86' lang='lat' dir='ltr'><strong>se</strong></span> <span class='ocrx_word' id='word_1_279' title='bbox 511 4276 570 4338; x_wconf 76' lang='lat' dir='ltr'><strong>ipsis</strong></span> <span class='ocrx_word' id='word_1_280' title='bbox 586 4275 689 4339; x_wconf 77' lang='lat' dir='ltr'><strong>quando</strong></span> <span class='ocrx_word' id='word_1_281' title='bbox 704 4274 847 4326; x_wconf 82' lang='lat' dir='ltr'><strong>multitudo</strong></span> <span class='ocrx_word' id='word_1_282' title='bbox 863 4282 902 4327; x_wconf 81' lang='lat' dir='ltr'><strong>est</strong></span> <span class='ocrx_word' id='word_1_283' title='bbox 912 4291 1004 4341; x_wconf 76' lang='lat' dir='ltr'><strong>magna</strong></span> <span class='ocrx_word' id='word_1_284' title='bbox 1021 4279 1209 4341; x_wconf 79' lang='lat' dir='ltr'><strong>romipetarum</strong></span> <span class='ocrx_word' id='word_1_285' title='bbox 1219 4279 1319 4340; x_wconf 75' lang='lat' dir='ltr'><strong>Rom,</strong></span> 
     </span>
     <span class='ocr_line' id='line_1_34' title="bbox 142 4352 1164 4417; baseline 0.001 -12"><span class='ocrx_word' id='word_1_286' title='bbox 142 4369 162 4405; x_wconf 82' lang='lat' dir='ltr'><strong>o</strong></span> <span class='ocrx_word' id='word_1_287' title='bbox 176 4367 277 4417; x_wconf 67' lang='lat' dir='ltr'><strong>W·</strong></span> <span class='ocrx_word' id='word_1_288' title='bbox 813 4352 840 4415; x_wconf 64' lang='grc' dir='ltr'><strong>Γ)</strong></span> <span class='ocrx_word' id='word_1_289' title='bbox 857 4358 912 4414; x_wconf 79' lang='lat' dir='ltr'><strong>llo,</strong></span> <span class='ocrx_word' id='word_1_290' title='bbox 928 4356 1026 4406; x_wconf 80' lang='lat' dir='ltr'><strong>scilieet</strong></span> <span class='ocrx_word' id='word_1_291' title='bbox 1041 4355 1164 4406; x_wconf 71' lang='lat' dir='ltr'><strong>duminio.</strong></span> 
     </span>
    </p>

    <p class='ocr_par' dir='ltr' id='par_1_8' title="bbox 208 4429 1127 4493">
     <span class='ocr_line' id='line_1_35' title="bbox 208 4429 1127 4493; baseline 0.003 -14"><span class='ocrx_word' id='word_1_292' title='bbox 208 4429 236 4492; x_wconf 84' lang='lat'><strong>(¹)</strong></span> <span class='ocrx_word' id='word_1_293' title='bbox 252 4429 282 4479; x_wconf 75' lang='lat' dir='ltr'>R</span> <span class='ocrx_word' id='word_1_294' title='bbox 299 4431 344 4493; x_wconf 85' lang='lat' dir='ltr'><strong>qui</strong></span> <span class='ocrx_word' id='word_1_295' title='bbox 360 4430 446 4480; x_wconf 80' lang='lat' dir='ltr'><strong>flebat.</strong></span> <span class='ocrx_word' id='word_1_296' title='bbox 815 4429 842 4488; x_wconf 79' lang='lat' dir='ltr'><strong>l&#39;l</strong></span> <span class='ocrx_word' id='word_1_297' title='bbox 860 4433 905 4480; x_wconf 79' lang='lat' dir='ltr'><strong>llo</strong></span> <span class='ocrx_word' id='word_1_298' title='bbox 921 4444 937 4480; x_wconf 85' lang='lat' dir='ltr'><strong>e</strong></span> <span class='ocrx_word' id='word_1_299' title='bbox 954 4432 985 4481; x_wconf 85' lang='grc' dir='ltr'><strong>Ε.</strong></span> <span class='ocrx_word' id='word_1_300' title='bbox 1001 4432 1127 4482; x_wconf 81' lang='lat' dir='ltr'><strong>lubileus.</strong></span> 
     </span>
    </p>

    <p class='ocr_par' dir='ltr' id='par_1_9' title="bbox 198 4505 1011 4571">
     <span class='ocr_line' id='line_1_36' title="bbox 198 4505 1011 4571; baseline 0.005 -17"><span class='ocrx_word' id='word_1_301' title='bbox 198 4505 235 4567; x_wconf 79' lang='lat'><strong>(&#39;·)</strong></span> <span class='ocrx_word' id='word_1_302' title='bbox 252 4509 306 4562; x_wconf 75' lang='lat' dir='ltr'><strong>llo.</strong></span> <span class='ocrx_word' id='word_1_303' title='bbox 323 4505 533 4567; x_wconf 80' lang='lat' dir='ltr'><strong>delectabundus,</strong></span> <span class='ocrx_word' id='word_1_304' title='bbox 551 4510 591 4555; x_wconf 79' lang='lat' dir='ltr'><strong>est</strong></span> <span class='ocrx_word' id='word_1_305' title='bbox 605 4505 676 4555; x_wconf 80' lang='lat' dir='ltr'><strong>enim</strong></span> <span class='ocrx_word' id='word_1_306' title='bbox 692 4519 750 4557; x_wconf 70' lang='grc' dir='ltr'><strong>τοι.</strong></span> <span class='ocrx_word' id='word_1_307' title='bbox 804 4507 842 4568; x_wconf 83' lang='lat'>(¹¹)</span> <span class='ocrx_word' id='word_1_308' title='bbox 859 4507 890 4556; x_wconf 83' lang='lat' dir='ltr'><strong>E.</strong></span> <span class='ocrx_word' id='word_1_309' title='bbox 903 4507 1011 4571; x_wconf 70' lang='lat' dir='ltr'><strong>jubilei.</strong></span> 
     </span>
    </p>

    <p class='ocr_par' dir='ltr' id='par_1_10' title="bbox 197 4580 675 4646">
     <span class='ocr_line' id='line_1_37' title="bbox 197 4580 675 4646; baseline 0 -15"><span class='ocrx_word' id='word_1_310' title='bbox 197 4580 235 4643; x_wconf 72' lang='lat'><strong>(¹¹)</strong></span> <span class='ocrx_word' id='word_1_311' title='bbox 250 4581 277 4632; x_wconf 83' lang='lat' dir='ltr'><strong>S.</strong></span> <span class='ocrx_word' id='word_1_312' title='bbox 293 4584 481 4645; x_wconf 80' lang='lat' dir='ltr'><strong>romipetarum</strong></span> <span class='ocrx_word' id='word_1_313' title='bbox 497 4596 544 4646; x_wconf 82' lang='lat' dir='ltr'><strong>per</strong></span> <span class='ocrx_word' id='word_1_314' title='bbox 561 4587 675 4644; x_wconf 85' lang='lat' dir='ltr'><strong>pontem.</strong></span> 
     </span>
    </p>
   </div>
   <div class='ocr_carea' id='block_1_4' title="bbox 0 0 1736 5580">
    <p class='ocr_par' dir='ltr' id='par_1_11' title="bbox 0 0 1736 5580">
     <span class='ocr_line' id='line_1_38' title="bbox 0 0 1736 5580; baseline 0 0"><span class='ocrx_word' id='word_1_315' title='bbox 0 0 1736 5580; x_wconf 95' lang='lat' dir='ltr'><strong> </strong></span> 
     </span>
    </p>
   </div>
  </div>
 </body>
</html>
