3450 5580
600 463 738 518 caurus
763 461 920 517 necinus
944 461 1113 517 ocrnvus.
1401 451 1444 518 21

271 608 337 701 qui
363 609 542 704 regnabat
567 608 603 680 in
629 607 747 681 insula
773 605 872 681 Chio.
900 607 1043 701 lsiphile
1069 626 1159 704 ergo
1185 607 1328 703 fugiens
1354 609 1447 683 iram

273 727 509 802 loeminarum
528 719 562 818 (¹)
591 727 810 800 luriatarum
838 727 987 802 recessit
1012 728 1158 822 lurtive,
1176 736 1213 802 et
1236 730 1361 803 volens
1386 749 1449 803 ac-

272 848 407 922 cedere
431 848 476 922 ad
508 853 650 942 patrem
687 853 792 941 capta
822 853 877 922 est
910 868 932 921 a
963 847 1087 942 piratis
1103 838 1138 939 ς’)
1175 854 1212 922 et
1242 854 1386 943 portata
1412 848 1450 921 in

274 976 394 1042 terras
418 967 621 1059 Thessalia,
643 966 690 1040 de
708 967 814 1040 cuius
841 966 996 1040 mirabili
1017 967 1164 1040 lortuna
1180 968 1324 1042 dicetur
1341 969 1448 1062 plene

275 1088 481 1184 Purgatorii
512 1088 670 1181 capitulo
696 1087 818 1159 XXVI.
850 1088 955 1161 Nunc
984 1086 1031 1161 ad
1061 1087 1203 1161 literam
1231 1088 1322 1181 dico,
1350 1086 1449 1180 quod

274 1216 385 1282 autor
403 1209 518 1305 tangit
536 1208 733 1303 malignam
752 1207 1050 1303 ingratitudinem
1066 1210 1206 1282 Iasonis
1219 1217 1348 1283 contra
1367 1232 1451 1283 mu-

275 1329 404 1402 lierem
430 1329 525 1402 bene
549 1328 596 1401 de
621 1347 660 1401 se
686 1327 869 1423 meritam,
891 1328 1034 1403 dicens:
1052 1331 1121 1420 elli,
1140 1330 1230 1404 idest
1250 1330 1310 1406 ille
1327 1332 1450 1424 lason,

271 1443 381 1541 pussd
402 1470 470 1540 per
494 1451 619 1521 l'isolu
643 1450 682 1520 di
705 1452 836 1541 Mauo,
862 1447 951 1521 dum
971 1449 1040 1522 iret
1057 1450 1103 1522 ad
1119 1442 1155 1542 (³)
1181 1452 1447 1544 acquirendum

275 1569 409 1663 pellem
435 1569 654 1661 inauratam,
681 1575 722 1641 ut
746 1569 831 1643 dicit
856 1569 1006 1664 Tullius,
1022 1574 1084 1661 poi
1099 1573 1158 1643 che
1183 1575 1213 1643 le
1235 1577 1362 1666 semine
1385 1594 1451 1645 ur-

274 1694 354 1784 dite,
384 1693 536 1782 spielule,
562 1690 638 1762 imo
663 1689 903 1783 daemoniatae,
929 1690 1111 1785 spiritatae,
1138 1694 1253 1764 denno
1287 1715 1311 1764 u
1341 1701 1452 1766 morte

274 1815 350 1884 tutti
375 1814 401 1882 li
425 1813 556 1883 mosoll
579 1815 657 1883 loro
682 1832 701 1882 e
724 1802 883 1900 supano
907 1810 967 1900 ivi,
992 1811 1126 1885 scilicet
1152 1812 1186 1884 in
1212 1813 1308 1887 dicta
1333 1814 1451 1890 insula

275 1931 388 2026 impie
413 1937 451 2005 et
476 1931 629 2026 ingrate,
655 1931 759 2023 lsifile
785 1933 821 2001 lu
846 1933 1039 2020 piuocnetlu
1064 1953 1130 2003 coo
1155 1937 1254 2022 sepul
1269 1955 1288 2005 e
1304 1955 1369 2005 con
1384 1957 1453 2027 pu-

275 2057 354 2126 role
371 2059 509 2142 omno,
527 2051 720 2125 ostendens
738 2050 786 2123 illi
805 2050 907 2146 signa
924 2050 1124 2125 dilectionis
1151 2060 1187 2126 et
1212 2055 1349 2128 amoris
1366 2075 1451 2128 cum

277 2173 403 2248 verbis
418 2172 560 2246 blandis
577 2171 757 2264 coloratis,
775 2170 861 2264 quia
879 2171 947 2244 luit
963 2171 1116 2246 allabilis
1134 2176 1306 2269 multum,
1324 2178 1453 2269 quales

276 2300 365 2367 sunt
395 2292 641 2366 communiter
672 2290 795 2387 graeci,
827 2293 886 2363 clu
911 2295 999 2383 pria
1030 2314 1119 2364 uvea
1151 2297 1343 2384 inponente
1376 2304 1455 2370 tutte

277 2417 418 2503 laide,
444 2412 577 2487 scilicet
609 2411 797 2486 liberando
826 2417 968 2505 patrem
999 2434 1121 2485 suum.
1151 2414 1192 2486 El
1222 2424 1400 2511 aggravat
1415 2406 1451 2509 ς’)

278 2534 454 2608 delictum
481 2554 591 2606 suum
617 2531 763 2605 dicens:
790 2535 934 2604 lussollu
964 2536 1070 2622 quiui-
1085 2537 1239 2623 provida
1270 2558 1288 2606 e
1318 2540 1454 2628 soletto,

279 2654 359 2727 sine
384 2660 489 2748 patre
516 2653 572 2725 vel
599 2651 723 2745 lratre,
751 2652 809 2725 vel
838 2651 910 2726 alio
942 2658 1065 2725 tutore
1091 2653 1263 2748 legitimo,
1291 2656 1454 2729 odiosam

278 2774 452 2849 omnibus
477 2771 634 2846 loeminis
659 2772 745 2864 suis,
764 2778 801 2846 et
826 2771 926 2845 ideo:
949 2775 1000 2844 tul
1014 2775 1129 2863 colpe
1149 2771 1284 2847 scilicet
1306 2781 1381 2847 tam
1400 2775 1456 2848 vi-

280 2895 333 2988 lis,
360 2896 549 2967 emadunuu
575 2895 623 2964 lui
647 2913 671 2962 u
689 2895 740 2964 lul
754 2895 917 2984 martiro,
935 2892 1070 2967 scilicet
1089 2892 1134 2965 ad
1158 2903 1230 2968 tam
1250 2895 1357 2980 vilem
1377 2917 1456 2990 poe-

280 3035 387 3106 nam3
414 3019 451 3086 et
475 3012 574 3085 addit
595 3010 783 3106 Virgilius:
801 3017 834 3083 et
854 3033 943 3083 oum
963 3014 1001 3083 dt
1017 3015 1141 3084 Medea
1165 3016 1197 3084 sl
1217 3019 1259 3107 su
1286 3019 1456 3108 vendolio,

277 3132 387 3228 quasi
412 3133 524 3205 dicat:
544 3150 617 3204 non
634 3129 752 3203 solum
771 3151 838 3224 pro
856 3131 997 3225 lsiplrile
1015 3133 1065 3204 sic
1082 3133 1246 3226 punitur,
1265 3135 1326 3208 sed
1346 3136 1456 3209 etiam

282 3273 350 3349 pro
375 3250 510 3344 Medea,
537 3270 649 3343 quam
677 3249 843 3324 simililer
868 3243 1060 3346 ingrate(⁵)
1080 3253 1246 3346 prodidit.
1265 3256 1308 3327 Et
1328 3256 1373 3328 ad
1400 3255 1458 3327 in-

282 3371 520 3468 telligentiam
547 3369 657 3442 huius
682 3369 797 3443 literae
814 3370 898 3443 volo
925 3377 961 3443 te
986 3371 1080 3444 bene
1098 3380 1228 3447 notare
1246 3375 1343 3467 quod
1361 3375 1459 3448 istud

284 3493 501 3567 initiorum
521 3491 690 3564 historice
708 3490 901 3583 loquendo,
920 3491 1019 3585 quod
1037 3514 1170 3588 magna
1191 3495 1345 3568 vindicta
1364 3497 1458 3570 lacta

284 3611 354 3685 luit
378 3612 424 3686 de
449 3612 581 3684 iasone
607 3609 643 3682 in
669 3609 761 3701 vita3
788 3610 875 3702 quia
901 3609 930 3682 si
957 3611 1065 3684 Jason
1083 3613 1280 3687 crudeliter
1302 3615 1459 3709 prodidit

284 3731 462 3823 Medeam,
490 3730 565 3823 ipsa
591 3728 775 3802 crudelius
791 3718 827 3819 (⁶)
854 3728 1034 3803 interiecit
1059 3731 1124 3802 sibi
1152 3732 1253 3825 lilios,
1272 3739 1308 3806 et
1334 3741 1460 3827 postea

284 3850 536 3927 crudelissime
562 3849 773 3922 interiectus
799 3855 854 3922 est
887 3870 909 3923 a
941 3850 1026 3922 suis.
1055 3850 1250 3924 Sciendum
1278 3859 1332 3926 est
1357 3875 1461 3950 ergo,

282 3970 386 4064 quod
411 3971 519 4044 Jason
545 3968 662 4042 victor
686 3968 791 4042 aurei
817 3969 961 4043 velleris
980 3991 1151 4044 reversus
1168 3991 1253 4044 curn
1273 3974 1398 4048 Medea
1426 3975 1462 4049 in

285 4091 456 4186 patriam,
466 4088 565 4162 illam
579 4088 718 4181 expulit
731 4088 778 4161 ob
791 4109 958 4163 amorem
973 4091 1139 4183 alterius3
1154 4092 1217 4164 sed
1235 4093 1311 4187 ipse
1324 4101 1463 4190 postea,

281 4210 463 4305 expulsus
480 4209 526 4283 de
545 4229 659 4303 regno
684 4230 707 4281 a
733 4208 806 4281 suis
829 4212 1108 4305 consanguineis
1126 4212 1206 4285 liliis
1228 4214 1325 4309 regis
1343 4216 1463 4310 Peliae,

349 4435 425 4497 (¹)13.
443 4435 610 4487 imminutum
627 4440 740 4490 recessit.
867 4437 895 4502 (¹)
913 4440 943 4490 E.
960 4454 974 4490 a
991 4443 1080 4504 piratis
1098 4444 1244 4499 Thessaliae.
1263 4444 1294 4492 de
1312 4442 1395 4492 cuius.

351 4511 378 4573 (¹)
395 4512 425 4562 Ε.
441 4513 472 4562 ud
489 4515 666 4576 accipiendum
684 4517 778 4579 pellem
796 4522 922 4578 aurulam,
939 4519 1008 4568 dicll.
1196 4520 1222 4581 [η
1238 4519 1263 4569 S.
1281 4533 1431 4583 aggravans.

352 4587 379 4650 ι’)
396 4588 427 4639 B.
444 4589 481 4639 sio
497 4589 605 4655 ingrate.
868 4592 894 4653 (⁸)
911 4594 942 4644 Ε.
959 4595 1100 4647 crudeliter
1117 4597 1246 4647 interiecit
1262 4596 1329 4646 lllios
1345 4609 1414 4646 suos.
