3450 5580
277 449 322 515 18
675 459 880 513 counnrmu
905 458 1056 512 utrumn

274 607 361 677 cltr'o.
389 605 493 678 Nunc
517 608 627 677 autor
653 602 809 677 ostendit
835 600 1021 696 quomodo
1046 600 1134 674 dum
1162 605 1301 673 starent
1324 598 1452 672 intenti

274 724 320 799 ad
346 724 613 820 respiciendum
640 723 726 797 istos
752 723 922 820 Virgilius
951 721 1151 797 ostenderit
1165 713 1202 813 (¹)
1230 721 1297 794 sibi
1323 721 1452 817 singu-

271 845 388 918 larem
414 845 537 917 virum
565 844 745 919 illustrem
767 842 962 935 antiquum
983 840 1089 916 valde
1110 845 1276 914 notatum
1299 840 1449 914 inlamia

270 963 492 1058 deceptionis
506 964 725 1056 mulierum,
740 971 777 1037 et
793 963 861 1036 iste
879 969 960 1036 erat
976 962 1096 1035 lason.
1115 960 1206 1035 Dicit
1224 982 1316 1056 ergo
1329 961 1451 1055 primo

270 1084 465 1159 ostendens
490 1083 676 1179 quomodo
703 1084 865 1156 stabant:
890 1103 968 1175 nos,
987 1080 1158 1177 Virgilius
1176 1089 1213 1155 et
1237 1102 1319 1178 ego,
1335 1103 1451 1173 prter-

273 1207 404 1279 douom
429 1208 493 1279 dul
517 1208 651 1278 vacabo
677 1211 795 1296 ponte,
828 1202 963 1276 scilicet
996 1208 1132 1276 stantes
1159 1202 1194 1274 in
1228 1203 1297 1276 isto
1328 1210 1451 1298 ponte,

274 1328 337 1420 qui
364 1333 418 1401 est
439 1326 599 1401 veterior
620 1345 732 1419 quam
751 1345 841 1419 pons
858 1330 964 1397 retus
981 1323 1069 1395 Arni
1086 1322 1132 1396 de
1148 1322 1345 1417 Florentia,
1363 1324 1452 1417 quia

274 1447 410 1523 scilicet
426 1453 481 1521 est
498 1455 676 1538 aeternus3
699 1444 983 1540 respiciebamus
1005 1447 1042 1516 la
1061 1447 1207 1535 tracon,
1232 1445 1323 1519 idest
1344 1445 1451 1520 istam

275 1586 410 1668 novam
436 1566 583 1640 turbam
610 1568 669 1637 ulte
695 1567 797 1636 venio
822 1585 924 1636 verso
944 1566 1050 1655 note
1074 1566 1145 1655 olle,
1170 1564 1261 1639 idest
1283 1572 1320 1639 et
1338 1588 1451 1659 quam

274 1686 460 1779 tracciam,
488 1689 524 1758 lu
546 1688 673 1779 sarcia,
700 1685 791 1758 idest
812 1684 928 1780 virga,
949 1687 1151 1757 simtlmente
1167 1688 1323 1778 seucum
1346 1686 1452 1780 quasi

273 1805 380 1899 dicat,
407 1805 470 1900 qui
497 1805 662 1879 similiter
687 1805 871 1878 habebant
888 1805 933 1879 de
950 1804 1128 1878 baculatis
1148 1804 1252 1878 sicuti
1271 1805 1389 1900 primi.
1408 1807 1453 1879 Et

273 1926 363 1999 dum
390 1926 440 1999 sic
467 1926 759 2021 respiceremus:
794 1928 828 1997 et
850 1926 920 1996 mio
946 1933 1098 1997 moretm
1131 1928 1221 1999 disse
1245 1947 1355 1999 senza
1380 1929 1454 1999 mia

274 2048 457 2137 dictando,
485 2045 570 2139 quia
597 2045 775 2139 praevenit
801 2065 861 2118 me
887 2043 923 2116 in
947 2044 1102 2118 materia
1129 2045 1315 2120 notissima
1331 2037 1380 2137 (²).
1407 2047 1452 2119 Et

274 2165 333 2239 bic
358 2171 445 2238 nota
472 2186 584 2259 quarn
611 2164 801 2257 subtiliter,
829 2185 942 2257 quam
970 2164 1163 2261 magnifice
1180 2173 1289 2239 autor
1314 2167 1452 2241 descri-

274 2285 327 2358 bit
341 2275 378 2376 (³)
407 2284 528 2359 virum
540 2273 577 2376 (ὅ)
603 2283 899 2376 illustrissimum,
926 2284 1046 2378 primo
1063 2307 1084 2358 a
1103 2285 1347 2378 pulcritudine
1367 2306 1451 2360 cor-

275 2404 385 2499 poris,
403 2404 542 2479 dicens:
568 2405 712 2495 puardo
729 2406 808 2494 quel
829 2407 969 2494 prande
988 2406 1048 2476 obe
1068 2407 1186 2497 vtute,·
1206 2405 1315 2479 lason
1336 2406 1451 2500 siqui-

276 2524 359 2598 dem
383 2523 452 2596 luit
468 2544 626 2620 magnus
642 2543 810 2617 corpore,
824 2522 887 2597 sed
905 2523 1023 2597 maior
1040 2523 1181 2617 anim03
1199 2546 1222 2598 a
1240 2526 1450 2601 fortitudine

275 2644 401 2738 animi,
427 2665 514 2718 oum
535 2643 644 2717 dicit:
670 2666 689 2715 e
713 2640 785 2715 non
805 2664 880 2735 pur
906 2646 1054 2734 inprime
1078 2641 1217 2735 sponda
1237 2665 1306 2736 per
1331 2648 1450 2737 dolor,

276 2764 380 2857 quasi
406 2764 518 2837 dicat:
546 2783 635 2837 vere
657 2762 769 2837 virilis
787 2769 854 2856 est,
872 2762 958 2856 quia
980 2762 1061 2835 viro
1086 2763 1169 2836 lorti
1187 2784 1260 2836 non
1281 2765 1451 2838 convenit

275 2883 460 2957 lacrimari
486 2904 591 2957 more
616 2883 835 2975 mulierum,
862 2902 883 2955 a
910 2880 1095 2955 nobilitate
1111 2882 1268 2978 generis,
1287 2904 1372 2956 cum
1395 2884 1452 2958 di-

274 3003 338 3075 cit:
365 2986 495 3093 quanto
521 3010 652 3094 ospello
677 3005 757 3075 real
780 3022 892 3074 nacor
909 3004 1038 3074 munel
1058 3002 1140 3075 Fuit
1160 3003 1257 3076 enirn
1278 3004 1386 3077 lason
1404 3004 1451 3079 de

275 3122 387 3216 stirpe
413 3123 539 3218 regali,
555 3122 649 3194 lilius
675 3122 772 3218 regis
797 3129 835 3195 et
860 3142 972 3216 nepos
990 3121 1103 3218 regis,
1120 3129 1157 3196 et
1173 3144 1369 3218 oppressus
1386 3124 1453 3198 ad-

274 3243 389 3317 versis
415 3248 451 3317 et
476 3242 650 3337 spoliatus
685 3263 812 3339 regno,
838 3243 956 3317 lactus
987 3249 1042 3317 est
1072 3243 1232 3338 probior,
1258 3251 1301 3317 ut
1325 3251 1451 3340 postea

275 3361 419 3455 dicam3
455 3383 478 3435 a
518 3362 666 3436 nomine
691 3361 850 3457 proprio,
882 3383 967 3436 cum
998 3363 1106 3437 dicit:
1133 3366 1167 3436 el
1189 3360 1226 3437 e‘e
1258 3369 1394 3458 Juson;
1428 3386 1451 3439 a

275 3482 469 3576 prudentia
495 3490 532 3556 et
556 3482 720 3576 audacia,
747 3503 834 3556 cum
860 3482 968 3556 dicit:
991 3487 1050 3557 cle
1071 3488 1164 3578 sure,
1187 3483 1280 3560 idest
1303 3484 1400 3578 lecit,
1427 3488 1453 3558 li

276 3604 396 3692 oolclt,
424 3602 514 3676 idest
543 3604 697 3698 populos
727 3603 940 3677 colchorum
969 3604 1005 3677 in
1030 3604 1300 3700 septemtrione.
1327 3605 1450 3679 Colchi

276 3723 375 3796 enim
401 3722 552 3798 luerunt
577 3722 614 3795 in
639 3729 807 3798 extremo
833 3724 949 3819 Ponti,
976 3725 1068 3800 idest
1092 3725 1242 3819 maioris
1268 3725 1391 3819 maris,
1413 3725 1450 3798 in

277 3849 388 3935 terra,
411 3864 484 3917 non
498 3834 535 3934 (⁵)
555 3844 684 3938 insula,
702 3850 745 3917 ut
762 3844 911 3938 quidam
929 3845 1020 3919 falso
1037 3845 1178 3937 dicunt3
1197 3866 1282 3918 nam
1301 3845 1337 3918 in
1357 3845 1450 3919 mari

276 3963 407 4057 majori
433 3963 532 4037 nulla
558 3972 613 4037 est
638 3964 767 4057 insula,
794 3970 831 4037 et
856 3966 965 4038 lason
999 3965 1165 4039 transivit
1190 3967 1450 4060 perstrictum

276 4082 389 4155 maris
414 4082 510 4156 inter
536 4083 680 4155 Troiam
708 4089 745 4156 et
770 4083 949 4158 Graeciam
977 4084 1014 4157 in
1040 4084 1158 4178 ipsum
1188 4105 1293 4160 mare
1318 4086 1450 4179 maius,

275 4199 374 4293 quod
402 4206 520 4274 totum
547 4201 774 4275 transcurrit.
809 4202 893 4277 ldeo
925 4201 1031 4276 dicit:
1064 4204 1164 4297 quod
1195 4204 1279 4279 lecit
1305 4206 1452 4281 oolobos

269 4324 406 4414 priami
439 4324 498 4394 det
525 4329 698 4413 munuae,
731 4322 821 4397 idest
852 4343 968 4398 aureo
1001 4325 1149 4420 vellere,
1176 4325 1223 4399 de
1254 4345 1328 4419 quo
1354 4325 1454 4399 dice-

338 4507 365 4569 ζ’]
383 4513 437 4568 llo,
454 4509 573 4559 ostendit.
746 4510 775 4572 (⁸)
791 4510 822 4560 E.
840 4512 988 4562 novissima.
1161 4512 1188 4575 θ)
1205 4512 1236 4563 Ε.
1253 4513 1390 4564 describat.

338 4584 365 4648 (¹)
383 4588 436 4646 116,
454 4586 539 4636 virum
556 4588 642 4638 istum.
748 4586 776 4650 (¹)
794 4591 850 4649 uo,
867 4602 919 4638 non
936 4589 963 4638 in
979 4589 1071 4641 insula.
