3450 5580
516 462 654 519 caurus
680 465 838 520 necinus
863 467 991 520 nonus.
1291 458 1336 525 33

162 610 242 677 met
262 612 300 677 et
324 606 544 698 praeconizet
562 614 683 682 vestra
702 608 786 683 vitia
804 615 841 682 et
858 608 1042 702 supplitia3
1061 616 1098 683 et
1118 617 1219 685 certe
1238 614 1337 688 nulla

161 730 219 796 est
245 723 334 796 tuba
360 724 514 798 viventis
539 746 623 819 quae
648 726 698 800 ita
723 727 866 800 fecisset
887 732 972 800 nota
995 730 1091 801 mala
1112 729 1279 825 istorum,
1302 739 1339 805 et

160 863 252 918 ecce
277 843 464 917 ordinem:
484 837 576 937 perd
607 848 667 918 ebe
697 850 788 918 nella
818 855 918 918 terzo
947 848 1064 937 bolpio
1096 856 1192 921 stote.
1207 891 1256 903 -
1272 841 1340 924 Gid

159 986 320 1039 novom.
348 964 412 1038 Hic
437 972 547 1039 θυῖον
572 965 664 1040 sacta
692 967 956 1040 exclamatione
982 968 1172 1064 condigna,
1199 970 1338 1044 descri-

161 1086 216 1160 bit
241 1087 366 1160 locum
392 1084 438 1159 ad
464 1107 576 1178 quem
602 1087 844 1181 devenerunt,
864 1094 904 1159 nt
922 1087 972 1160 sic
999 1087 1109 1162 intret
1130 1089 1338 1183 materiam,

160 1207 309 1280 dicens:
340 1196 406 1279 Gid
431 1227 578 1278 εναοανθ
603 1211 748 1280 trientali
774 1211 817 1281 dc
841 1211 875 1279 lo
899 1212 1030 1298 scoplio
1062 1231 1085 1280 υ
1118 1212 1154 1281 lo
1178 1216 1337 1299 sequente

162 1328 296 1417 ῖοννιοα,
322 1316 413 1400 idest
429 1327 476 1399 ad
495 1327 641 1400 tertiam
659 1328 833 1423 bulgiam,
856 1349 967 1421 quam
991 1335 1100 1403 θυῖον
1117 1330 1212 1403 bene
1231 1337 1338 1404 vocat

160 1447 344 1540 tumbam,
369 1446 461 1520 idest
486 1448 725 1541 sepulturam,
752 1447 838 1540 quia
873 1447 911 1519 in
941 1468 985 1522 ea
1016 1455 1101 1521 sunt
1126 1450 1258 1544 sepulti
1288 1450 1338 1522 si·

159 1567 331 1660 moniaci,
357 1566 545 1639 utstatim
573 1567 718 1660 patebit.
744 1566 944 1640 veniebant
970 1567 1067 1641 enim
1094 1588 1160 1662 per
1186 1576 1336 1662 pontem

159 1687 278 1762 tertie
308 1686 455 1781 bulgiae‚
486 1692 523 1759 et
551 1687 631 1780 jam
647 1680 684 1777 (¹)
718 1693 964 1780 pervenerant
999 1688 1045 1761 ad
1078 1689 1225 1761 culmen
1258 1710 1338 1763 me-

158 1805 263 1879 dium
279 1796 316 1897 (²)
334 1805 457 1900 ipsius,
475 1805 556 1879 ideo
576 1805 679 1878 dicit:
698 1809 734 1878 iu
753 1809 866 1896 quella
878 1813 984 1897 porte
1000 1809 1050 1877 cb’
1064 1827 1088 1876 a
1100 1814 1225 1898 puoto,
1246 1806 1338 1883 idest

157 1924 513 2020 perpendiculariter
530 1930 567 1998 et
583 1924 731 2016 directe,
745 1925 901 2016 plomba,
919 1924 1009 1997 idest
1028 1925 1138 2000 trahit
1155 1925 1200 1998 ad
1219 1927 1338 2020 plom-

157 2044 288 2117 blnum
307 2035 356 2137 (³),
382 2065 492 2136 sopra
516 2047 544 2115 tl
566 2064 689 2115 mezzo
711 2046 823 2136 fosso,
846 2044 932 2136 quia
959 2043 1077 2116 media
1104 2065 1188 2138 pars
1218 2045 1336 2138 pontis

159 2163 356 2258 respondet
370 2152 407 2255 (⁴)
434 2163 651 2257 punctaliter
677 2184 787 2256 supra
814 2162 974 2235 medium
997 2163 1107 2235 vallis.
1130 2164 1174 2234 Et
1199 2163 1336 2237 descri-

157 2289 294 2378 pturus
311 2287 420 2355 autor
442 2303 590 2376 posnam
618 2283 850 2377 peregrlnam
868 2283 1035 2375 istorum,
1058 2283 1181 2377 incipit
1202 2305 1224 2357 a
1242 2304 1335 2377 qua-

159 2403 247 2475 dam
273 2400 539 2476 exclamatione
564 2402 792 2496 admirativa,
810 2410 847 2476 et
868 2403 1026 2497 dirigens
1052 2424 1261 2477 sermonem
1288 2402 1334 2476 ad

159 2523 293 2614 Deum,
321 2521 384 2615 qui
411 2532 485 2595 tam
506 2522 607 2614 juste
631 2522 747 2615 punit,
773 2522 880 2594 dicit:
918 2527 948 2593 0
979 2543 1115 2595 suntme
1140 2527 1334 2614 sapiencia,

157 2642 294 2716 scilicet
319 2640 450 2734 divina,
477 2649 610 2732 quanta
634 2637 671 2714 de
696 2645 718 2713 l
731 2649 821 2732 orte,
840 2641 942 2733 quasi
967 2641 1063 2716 dicat
1088 2642 1194 2715 valde
1221 2643 1334 2715 mira-

157 2761 250 2853 bilis,
276 2763 336 2832 ebe
362 2764 545 2833 mortalia
570 2764 667 2852 ciclo,
694 2761 781 2853 quia
812 2761 877 2833 das
902 2760 1064 2834 diversos
1090 2762 1227 2856 gradus
1253 2762 1334 2855 glo-

156 2881 223 2953 riae
250 2879 286 2951 in
312 2879 406 2952 coelo
431 2879 570 2974 angelis
595 2885 632 2953 et
657 2879 783 2972 beatis
809 2882 846 2950 bt
872 2887 1006 2951 terrae
1028 2883 1086 2951 nel
1101 2884 1175 2952 mal
1190 2883 1333 2970 mondo,

155 3000 250 3073 idest
276 2999 313 3072 in
339 2999 481 3073 inferno
499 3006 573 3072 tam
594 2999 810 3092 viventium,
832 3020 945 3092 quam
971 3005 1204 3073 mortuorum
1220 2993 1271 3093 (³³),
1292 3007 1334 3074 ut

155 3125 268 3214 patet,
288 3120 374 3213 quia
400 3119 571 3193 omnibus
587 3119 649 3192 dat
663 3109 699 3210 (ὅ)
719 3140 845 3213 poenas
865 3119 1014 3192 meritas
1033 3120 1236 3193 secundum
1256 3121 1335 3195 exi-

155 3240 317 3336 gentiam
346 3247 594 3334 peccatorum‚
621 3261 639 3310 e
664 3246 792 3329 quanto
816 3242 942 3330 pineto,
968 3238 1060 3313 idest
1086 3245 1122 3313 et
1150 3249 1331 3334 quantum

150 3361 315 3455 justitiae,
342 3368 401 3432 tua
427 3356 524 3433 vcrtd
548 3366 745 3450 comportet
770 3359 860 3432 idest
893 3360 1248 3454 proportionabiliter
1278 3362 1334 3435 di·

155 3481 304 3554 stribuit
329 3480 447 3554 dando
465 3478 664 3572 unicuique
676 3479 876 3572 justissime
894 3480 993 3573 quod
1011 3481 1181 3554 convenit
1198 3489 1235 3554 et
1254 3502 1333 3555 me-

157 3607 274 3675 retur.
289 3641 339 3654 —
351 3604 392 3672 lo
413 3602 491 3671 vidi.
520 3599 583 3672 llic
601 3605 710 3672 autor
727 3600 898 3673 describit
915 3600 1030 3694 ipsam
1048 3590 1084 3691 (⁷)
1100 3621 1257 3694 poenam.
1278 3601 1329 3674 Ad

155 3722 264 3794 cuius
285 3720 556 3816 intelligentiam
575 3725 630 3792 est
646 3718 808 3792 breviter
827 3718 1027 3792 notandum
1041 3709 1090 3810 (⁸),
1105 3720 1203 3811 quod
1223 3740 1331 3814 poena

154 3843 312 3916 istorum
339 3847 395 3915 est
423 3840 515 3933 talis,
550 3838 695 3931 scilicet,
723 3837 821 3931 quod
847 3845 943 3910 stant
974 3838 1102 3911 inclusi
1133 3844 1170 3911 et
1202 3838 1332 3932 sepulti

155 3961 247 4036 recti
274 3961 311 4033 in
336 3959 574 4033 foraminibus
592 3964 702 4030 terrae
720 3978 805 4031 cum
825 3957 1003 4051 capitibus
1020 3958 1194 4030 deorsum
1213 3963 1250 4030 et
1267 3977 1333 4051 pe-

153 4081 264 4153 dibus
289 4100 450 4172 sursum,
472 4098 632 4171 quorum
660 4077 791 4170 plantae
808 4076 943 4170 pedum
966 4067 1224 4168 adurunturt⁹l
1245 4097 1333 4149 con-

219 4271 248 4332 (“)
265 4272 290 4321 S.
307 4272 350 4321 ita.
835 4269 862 4329 (²)
878 4269 903 4318 S.
921 4270 1036 4317 medium
1053 4270 1146 4331 pontis,
1164 4270 1230 4319 ideo.

219 4346 247 4409 (ι)
263 4346 289 4396 s·
306 4347 449 4409 plombum,
835 4344 861 4406 (⁸)
878 4345 908 4393 Ε.
926 4345 1058 4407 respondit
1075 4346 1256 4408 punctualiter.

220 4423 247 4483 t'l
264 4423 295 4472 E.
312 4422 489 4472 morientium.
835 4419 862 4481 (ν)
877 4419 903 4469 s,
920 4421 972 4470 ὡς,

220 4498 248 4560 (¹)
265 4502 318 4558 llo,
336 4498 458 4549 describit
475 4499 558 4548 istam.
834 4495 861 4556 ρ)
877 4496 902 4547 s,
919 4498 1060 4548 sciendum,

221 4574 249 4636 (’)
267 4578 321 4634 llo,
339 4575 538 4626 comburuntur.

293 4681 323 4725 11.
1184 4681 1198 4721 3
