3450 5580
610 479 747 534 caurus
773 480 928 536 uncinus
953 482 1121 537 ocrnvus.
1409 477 1453 542 17

278 622 438 694 occurrit
463 622 530 695 sibi
545 615 582 714 (¹)
611 622 805 697 Veneticus
831 625 1117 720 Cacianemicus,
1144 647 1229 700 cum
1257 649 1332 723 quo
1358 629 1454 703 iacto

277 743 378 817 brevi
404 763 590 836 sermone,
607 764 706 816 nunc
727 745 895 839 pervenit
908 737 946 838 (²)
966 746 1012 820 ad
1030 747 1220 821 introitum
1238 749 1346 843 primi
1364 770 1455 844 pon-

278 863 336 956 tis;
362 863 446 937 ideo
471 863 574 938 dicit:
602 886 620 936 e
644 868 794 955 septimo
820 869 944 956 quello,
971 865 1063 940 idest
1088 867 1321 941 ascendimus
1347 869 1451 941 illum

276 984 467 1077 soopnlum
494 984 571 1057 sive
597 993 744 1078 pontem
771 985 946 1080 primum,
973 989 1071 1057 assai
1095 989 1342 1079 lipierantcnte,
1365 988 1452 1080 quia

276 1123 347 1176 non
373 1111 455 1177 erat
478 1106 575 1177 altus
601 1105 660 1179 vel
686 1105 836 1199 arduus,
854 1105 949 1179 sicut
969 1107 1045 1200 ripa
1066 1127 1133 1200 per
1159 1128 1272 1201 quam
1297 1128 1454 1182 venera-

276 1244 368 1296 mus.
396 1224 441 1296 Et
472 1223 654 1318 specificat
686 1225 838 1298 modum
870 1225 1039 1319 intrandi,
1065 1226 1210 1300 dicens:
1238 1249 1257 1298 e
1286 1231 1347 1299 not
1371 1230 1454 1300 volti

275 1346 443 1416 odestro
466 1365 508 1416 su
529 1366 596 1436 per
621 1348 656 1417 la
681 1366 747 1416 sno
766 1348 941 1437 schoppio,
967 1346 1058 1420 idest
1083 1346 1163 1420 eius
1189 1368 1289 1442 saxo,
1308 1351 1341 1420 ct
1359 1369 1452 1443 par·

276 1467 393 1536 timmo
418 1467 468 1537 do
493 1469 601 1556 quelle
621 1467 752 1537 cerclub
768 1473 895 1557 eterne,
913 1466 1004 1541 idest
1021 1468 1241 1541 recessimus
1264 1490 1287 1542 a
1313 1468 1450 1542 circulo

275 1584 449 1658 exteriori
467 1583 530 1676 qui
548 1583 683 1657 claudit
699 1605 840 1678 omnes,
854 1594 896 1658 ut
914 1585 1053 1659 dictum
1074 1593 1129 1660 est
1144 1579 1194 1680 (³),
1208 1595 1245 1661 et
1262 1598 1318 1663 est
1342 1597 1452 1662 aeter·

276 1725 320 1778 na
339 1692 376 1795 (b
405 1710 443 1778 et
468 1710 567 1777 totns
593 1704 765 1778 iniernns.
785 1705 829 1777 Et
854 1704 976 1778 subdit
996 1705 1182 1798 quomodo
1207 1692 1377 1802 Virgilius
1397 1708 1452 1780 di-

275 1824 412 1899 rexerit
447 1844 535 1897 eum
569 1823 605 1895 in
638 1825 921 1919 speculationem
945 1816 981 1916 (ὅ)
1009 1846 1114 1899 novae
1138 1827 1256 1922 gentis
1288 1827 1451 1901 nondum

275 1945 381 2037 visae3
408 1950 446 2017 et
471 1945 550 2017 vull
566 1944 728 2018 breviter
751 1945 885 2039 dicere,
903 1945 1002 2039 quod
1028 1966 1114 2019 cum
1142 1947 1194 2020 sic
1220 1947 1340 2021 eundo
1366 1967 1452 2041 per-

277 2066 460 2140 venissent
480 2064 526 2138 ad
543 2065 706 2138 medium
732 2067 861 2160 pontiS,
881 2067 1051 2162 Virgilius
1068 2067 1180 2140 dixit:
1198 2069 1370 2162 Expecta,
1389 2088 1449 2142 re-

275 2187 383 2259 volve
409 2195 457 2277 te,
485 2191 526 2257 ut
550 2184 674 2258 videas
699 2185 790 2258 alios
822 2185 982 2261 inielioes
1007 2207 1100 2279 quos
1132 2187 1295 2261 nondum
1320 2187 1449 2281 vidisti,

276 2304 362 2398 quia
389 2325 462 2378 non
479 2294 516 2396 (ὅ)
542 2304 737 2378 veniebant
762 2325 850 2377 oum
880 2305 999 2378 lronle
1029 2327 1160 2380 versus
1192 2327 1257 2380 nos
1283 2307 1376 2380 sicut
1402 2306 1451 2379 illi

275 2423 395 2518 primi,
421 2424 497 2496 imo
522 2423 661 2496 vadunt
693 2424 785 2497 sicut
819 2445 896 2497 nos.
928 2425 1062 2499 Ordina
1096 2426 1147 2499 sic
1180 2426 1335 2520 literam,
1366 2448 1451 2520 quae

275 2565 348 2618 non
375 2549 429 2618 est
454 2544 549 2617 bene
566 2544 683 2616 clara:
702 2548 751 2615 Lo
776 2545 868 2616 daca
885 2547 996 2616 disse.-
1013 2549 1162 2636 armoe,
1179 2546 1271 2620 idest
1289 2547 1394 2619 lirma
1413 2555 1450 2620 te

275 2663 310 2737 in
336 2663 459 2736 medio
484 2663 594 2735 buius
620 2663 749 2757 pontis,
767 2667 841 2756 eso
860 2666 920 2735 cite
936 2665 962 2736 ’l
980 2666 1054 2736 viso
1074 2667 1112 2736 di
1128 2668 1238 2756 questi
1254 2668 1338 2738 altri
1358 2668 1448 2736 mol-

275 2787 360 2874 nnti,
388 2782 474 2876 quia
501 2782 665 2855 similiter
691 2789 776 2855 sunt
801 2782 962 2856 damnati
979 2790 1128 2878 propter
1146 2785 1256 2857 vilem
1280 2783 1447 2858 fraudem

274 2903 509 2978 commissam
540 2902 577 2973 in
602 2901 787 2996 mulieres
814 2907 852 2975 ni
882 2906 978 2994 quali
1005 2925 1078 2976 non
1111 2908 1239 2977 vedasti
1271 2925 1382 2976 nncor
1414 2907 1450 2976 la

271 3028 401 3120 socna,
427 3030 464 3097 et
489 3042 575 3097 ecce
600 3043 763 3115 causam,
783 3016 870 3115 perd
891 3025 951 3095 clre
975 3045 1062 3097 sono
1088 3026 1213 3098 andeli
1226 3027 1367 3097 insieme
1383 3045 1450 3097 con

273 3149 346 3236 noi,
364 3165 410 3218 eo
437 3142 546 3216 modo
572 3147 759 3236 portantes
776 3141 905 3215 faciem
925 3163 1000 3237 quo
1022 3165 1087 3217 nos
1105 3143 1332 3239 portavimus
1357 3145 1450 3217 huc-

273 3285 404 3360 usque,
427 3267 560 3357 feppin,
586 3261 677 3335 idest
703 3262 820 3355 ierint,
845 3266 882 3335 in
907 3270 949 3354 te,
977 3264 1082 3356 quasi
1107 3264 1218 3338 dicat:
1245 3271 1286 3337 ut
1319 3266 1450 3338 oculus

273 3394 361 3460 tuus
386 3384 481 3458 bene
507 3381 676 3476 respiciat
701 3402 784 3475 eos3
811 3390 848 3456 et
873 3383 943 3455 boc
968 3383 1057 3455 dixit
1087 3383 1275 3478 Virgilius:
1307 3387 1449 3474 qnando

274 3509 335 3577 noi
355 3510 489 3599 sommo
506 3492 542 3574 ld
558 3504 677 3574 doo'el
701 3504 887 3591 ooneppto,
908 3500 999 3575 idest
1017 3502 1080 3574 ubi
1103 3503 1163 3576 ille
1183 3504 1355 3597 scopulus
1372 3503 1449 3577 sive

271 3645 363 3720 pons
389 3630 444 3697 est
469 3642 622 3714 vacuus,
640 3623 678 3693 di
693 3628 782 3694 sotto
796 3641 862 3713 per
879 3623 950 3692 dor
963 3641 1071 3712 passo
1090 3642 1114 3691 a
1132 3625 1157 3694 n·
1172 3625 1338 3714 sfcrciatt,
1357 3621 1448 3695 idest

271 3752 312 3818 ut
339 3744 389 3817 illi
415 3742 574 3838 instigati
591 3740 723 3815 iaciant
742 3739 936 3814 transitum
955 3760 1065 3812 suum
1084 3739 1221 3813 directe
1238 3740 1307 3813 sub
1327 3739 1447 3812 medio

271 3867 368 3940 illius
393 3864 531 3960 pontis3
558 3862 655 3956 quia,
670 3868 711 3934 ut
736 3859 867 3934 audisti
893 3880 1016 3954 supra,
1038 3859 1157 3933 media
1183 3879 1267 3954 pars
1293 3859 1447 3932 istorum

269 3985 422 4062 tenebat
446 3983 578 4058 vallem
605 3981 697 4055 citra
721 3979 897 4072 medium,
915 3978 986 4053 alia
1008 3977 1185 4052 medietas
1204 3979 1312 4071 ultra,
1334 3984 1371 4052 et
1388 3978 1448 4052 lu-

269 4107 412 4204 gientes
436 4110 521 4178 ante
547 4101 677 4176 taciem
703 4101 915 4173 daemonum
946 4098 1128 4172 iratorum
1159 4097 1243 4172 bino
1272 4098 1356 4172 inde
1381 4119 1447 4194 per

272 4227 369 4322 ripas
393 4244 523 4298 omnes
549 4220 830 4296 revertebantur
848 4218 895 4293 ad
912 4218 1024 4292 islum
1041 4239 1200 4312 passum.
1215 4259 1264 4272 -
1277 4223 1351 4292 Dat
1370 4241 1449 4292 oec-

335 4463 363 4522 (¹)
379 4458 404 4509 S.
422 4459 446 4509 ci
462 4459 610 4509 Veneticus.
861 4453 889 4514 (¹)
906 4458 960 4514 llo,
978 4456 1094 4517 pervenit
1111 4469 1172 4505 cum
1188 4456 1299 4518 Virgilio
1315 4457 1356 4505 ad.

334 4535 361 4596 (¹)
378 4535 409 4586 E.
427 4536 526 4586 dictum
543 4541 590 4586 est.
608 4535 641 4584 Et
657 4534 750 4584 subdit.
861 4531 887 4593 (¹)
906 4535 960 4591 llo,
977 4538 1074 4582 eterna
1086 4535 1161 4586 *sicut
1177 4538 1205 4584 ct
1220 4538 1290 4583 totus
1306 4532 1431 4583 infernus·

335 4610 364 4675 (¹)
381 4610 406 4662 S.
422 4612 449 4662 in
465 4613 650 4676 speculatione.
860 4608 887 4673 (⁸)
903 4609 934 4657 Ε.
951 4610 1011 4672 quia
1027 4610 1152 4660 nondum.

407 4718 439 4763 11.
1300 4714 1313 4755 a
