3450 5580
274 439 320 503 at
668 448 871 503 continuum
896 450 1048 501 rurumu

270 604 370 687 grente
389 598 449 668 cde
472 598 504 667 si
527 597 673 685 nicetio,
690 593 782 668 idest
798 595 1005 688 planimode
1022 596 1151 689 plorat,
1168 595 1262 668 sicut
1280 571 1364 669 lacit
1380 596 1446 669 ali-

272 716 421 811 quando
446 715 612 788 infirmus
638 717 806 810 inlecto,
834 715 896 808 qui
924 735 997 788 non
1022 722 1139 809 potest
1165 718 1239 789 alte
1263 716 1445 810 clamare3

270 836 321 910 ita
347 857 418 910 vox
446 836 599 910 istorum
627 856 699 908 nou
730 841 874 929 poterat
904 835 1023 909 audiri
1056 835 1123 908 uisi
1151 834 1329 929 debiliter,
1360 835 1446 928 quia

151 1004 157 1018 ,
272 977 346 1029 non
379 955 539 1029 habebat
573 955 730 1029 liberum
757 955 897 1029 exitum
924 976 1008 1029 oum
1041 961 1136 1028 esset
1170 953 1347 1027 sullooata
1376 955 1446 1028 suh

272 1096 382 1170 aqua,
408 1078 486 1149 nell
499 1079 595 1148 oltra
620 1075 750 1166 bolqio,
783 1074 918 1148 seilicet
947 1074 1107 1148 secunda
1140 1074 1318 1167 sequenti,
1344 1096 1363 1146 e
1387 1077 1446 1146 ulte

183 1207 187 1215 '
271 1197 386 1288 adusto
411 1198 467 1269 eol
490 1216 601 1287 muso,
627 1194 722 1268 siout
748 1195 832 1268 lacit
856 1214 990 1288 porcus
1015 1194 1052 1266 in
1078 1212 1196 1287 omno,
1215 1200 1252 1267 et
1273 1194 1368 1268 bene
1392 1193 1446 1266 di·

273 1315 332 1408 cit,
349 1314 437 1408 quia
458 1315 586 1390 vitium
604 1314 821 1388 adulationis
845 1321 917 1389 stat
947 1314 984 1386 in
997 1413 1000 1418 ι
1013 1312 1128 1406 labiis,
1149 1334 1168 1384 e
1186 1316 1336 1404 ptochio,
1354 1312 1446 1388 idest

272 1437 445 1510 verberat
470 1442 506 1509 et
533 1435 701 1529 percutit,
718 1456 756 1521 se
775 1435 950 1508 medesma
971 1429 1049 1506 oon
1063 1437 1094 1505 le
1116 1437 1245 1526 pulnw,
1263 1434 1350 1527 quia
1375 1433 1446 1507 sci-

272 1556 356 1630 licet
381 1576 467 1629 cum
494 1555 664 1629 manibus
690 1554 871 1650 percussis
902 1554 1094 1649 plorabant
1109 1546 1160 1648 (¹),
1190 1555 1284 1628 sieut
1314 1561 1369 1628 est
1400 1554 1446 1628 de

272 1696 377 1750 more
402 1676 623 1770 dolentium;
642 1676 705 1750 sed
731 1677 939 1770 palmarum
958 1674 1146 1769 percussio
1172 1696 1246 1748 uon
1271 1674 1447 1748 audieba-

272 1803 334 1870 tur
360 1797 418 1870 hie
443 1796 511 1870 nisi
536 1796 712 1890 debiliter,
740 1797 833 1869 sicut
859 1815 927 1869 nec
953 1816 1038 1890 vox,
1065 1794 1151 1889 quia
1176 1816 1309 1869 manus
1334 1795 1448 1868 habe-

271 1917 359 1990 bant
396 1922 559 1991 erustam
598 1915 769 1989 stercoris
806 1935 918 2008 super
951 1935 1002 2009 se,
1037 1914 1118 1988 ideo
1153 1936 1226 1988 non
1264 1915 1445 1989 iaciebant

274 2058 454 2133 magnum
481 2057 625 2109 sonum.
644 2037 688 2108 Et
704 2034 886 2129 specificat
899 2026 937 2126 (²)
956 2035 1107 2109 modum
1126 2035 1228 2108 istius
1246 2054 1374 2130 prenae,
1392 2033 1447 2107 di-

272 2175 373 2230 cens:
401 2159 431 2227 le
455 2157 544 2247 ripe,
571 2153 705 2228 scilieet
731 2160 907 2248 exparte
933 2153 1108 2247 interiori,
1123 2175 1212 2226 eran
1236 2161 1446 2244 qrommute,

273 2276 365 2350 idest
396 2281 536 2365 tasatae‚
563 2274 782 2367 incrustata,
808 2276 843 2347 d’
857 2295 929 2348 nno
955 2280 1063 2367 muffo
1089 2296 1158 2366 per
1191 2278 1322 2365 inlito,
1356 2274 1448 2348 idest

274 2401 423 2491 propter
449 2396 576 2470 ilatum
609 2400 646 2468 et
678 2394 860 2488 lentorem,
887 2398 925 2467 di
953 2390 1026 2485 yid,
1053 2395 1143 2468 idest
1179 2401 1389 2469 manantem
1424 2415 1446 2467 a

273 2524 436 2591 stercore
468 2515 642 2609 inferiori,
668 2518 727 2588 alte
755 2518 790 2587 vi
818 2519 1023 2608 s'oppostu,
1054 2515 1145 2590 idest
1178 2516 1381 2610 applicatur
1410 2522 1448 2589 et

273 2636 447 2729 adhaeret,
473 2637 682 2729 rhetoreon
705 2640 803 2727 russo
828 2656 894 2708 oon
918 2639 969 2726 qli
993 2638 1089 2707 occdi
1112 2657 1131 2707 e
1155 2640 1211 2708 col
1234 2657 1336 2726 nasu,
1355 2634 1446 2708 idest

273 2755 453 2829 iaciebant
478 2776 640 2851 pugnam
667 2762 704 2829 et
729 2755 848 2829 rixam
866 2745 901 2846 (³)
933 2776 1019 2828 cunr
1052 2755 1145 2848 uisu,
1177 2757 1263 2849 quia
1290 2756 1448 2830 horribi-

272 2874 450 2948 lissimum
477 2881 557 2948 erat
582 2875 718 2967 videre,
745 2881 782 2947 et
807 2895 893 2947 oum
917 2876 1078 2970 naribus,
1100 2876 1187 2969 quia
1202 2865 1238 2968 (⁸)
1267 2877 1448 2951 molestis-

272 2995 408 3068 simum
435 3000 516 3067 erat
541 2994 687 3067 sentire.
714 2995 758 3065 Et
783 2993 902 3066 subdit
934 2996 1120 3088 quomodo
1151 2989 1369 3089 venerint(⁵)
1402 2996 1448 3070 ad

272 3113 469 3187 videndum
492 3114 589 3208 istos,
616 3112 759 3187 dicens:
785 3117 820 3185 lo
841 3118 953 3206 fondo
979 3108 1015 3186 e'e
1040 3137 1141 3206 copo,
1160 3116 1245 3208 quia
1267 3116 1448 3210 profunda

272 3240 327 3307 est
347 3233 508 3307 adulatio
526 3239 562 3307 et
580 3254 715 3328 magna
732 3232 856 3326 nimis3
876 3233 938 3307 sed
956 3234 1067 3327 aliqui
1086 3234 1236 3308 omnino
1258 3243 1343 3308 sunt
1361 3237 1449 3309 sun

272 3354 383 3428 mersi
410 3353 447 3426 iu
472 3373 540 3445 ea;
566 3352 678 3447 aliqui
706 3373 825 3445 usque
850 3354 895 3426 ad
921 3375 974 3448 os,
992 3355 1105 3449 aliqui
1128 3377 1247 3449 usque
1272 3357 1318 3430 ad
1344 3357 1447 3453 *ilia,

273 3474 384 3567 aliqui
403 3493 522 3566 usque
538 3473 585 3546 ad
598 3471 618 3513 *
633 3462 669 3564 (⁶)
687 3492 821 3568 genua,
840 3473 953 3566 aliqui
975 3480 1118 3547 tantum
1141 3482 1266 3550 tenent
1283 3477 1393 3571 pedes
1410 3479 1447 3551 in

272 3613 336 3687 ea;
362 3593 444 3666 ideo
469 3591 572 3667 dicit:
598 3584 628 3665 si
652 3594 711 3664 cde
736 3613 807 3664 non
831 3596 864 3666 ei
888 3593 988 3666 buslo
1014 3598 1036 3666 d
1049 3597 1166 3667 occino
1183 3617 1208 3668 u
1226 3600 1342 3687 vener,
1361 3597 1448 3691 quio
1549 3595 1558 3605 “

274 3710 478 3788 intellectus
495 3732 569 3786 non
586 3718 704 3806 potest
721 3713 1034 3808 comprehendere
1048 3716 1336 3812 magnitudinem
1354 3716 1448 3790 adu-

273 3834 427 3927 lationis,
444 3854 553 3906 senza
570 3840 711 3906 nwntor
729 3836 767 3905 ut
784 3837 888 3907 desso
909 3837 967 3906 del
981 3857 1082 3926 orco,
1100 3835 1191 3910 idest
1215 3837 1261 3909 ad
1283 3837 1446 3911 medium

273 3953 402 4048 pontis,
420 3975 483 4026 ove
508 3955 543 4026 lo
567 3956 697 4042 scoqlio
711 3948 773 4044 pini
789 3962 966 4045 soorosto,
985 3956 1076 4029 idest
1094 3955 1157 4028 ubi
1174 3976 1265 4050 pons
1282 3963 1337 4031 est
1355 3957 1448 4031 erni-

273 4072 417 4146 neutior
442 4079 479 4145 et
503 4070 621 4163 altior,
648 4070 751 4163 quasi
778 4071 883 4166 dicat,
910 4074 977 4147 uisi
1009 4075 1225 4151 deveniatur
1252 4076 1298 4150 ad
1323 4077 1449 4151 altitu-

335 4263 363 4327 (¹)
380 4268 434 4323 llo,
451 4264 659 4326 plorabat-li.
677 4265 771 4327 plorat.
855 4326 859 4333 ι

335 4342 362 4403 (·)
378 4342 409 4393 Ε.
426 4341 555 4404 specificat
571 4344 706 4393 materiam
723 4343 800 4393 huius
816 4357 907 4405 poenae,
924 4346 977 4396 sire
994 4350 1110 4408 modurn,
1127 4349 1223 4400 dicens.

336 4416 363 4480 (⁸)
378 4417 405 4467 S·
421 4418 496 4467 rins·
764 4418 791 4482 (¹)
807 4419 838 4470 Ε.
855 4422 916 4484 quia
933 4423 964 4472 lis
980 4430 1037 4475 erat
1052 4426 1263 4476 molesllssimum
1279 4427 1384 4477 sentire.

337 4493 364 4555 (⁸)
380 4492 415 4553 8.,
432 4493 464 4543 Ε.
480 4506 495 4541 e
513 4499 567 4552 116,
584 4502 719 4547 venerunt.

335 4568 362 4632 (“)
377 4570 415 4620 Le
430 4570 519 4633 parole
535 4570 575 4622 ira
591 4573 600 4622 1
614 4573 665 4622 duo
681 4577 814 4626 asterisolri
831 4591 878 4629 sou
894 4579 1004 4642 supputa
1021 4580 1089 4645 dagli
1105 4581 1166 4630 altri
1184 4581 1250 4632 tenti.
