3450 5580
525 466 663 521 caurus
689 468 845 522 uncinus
870 470 999 523 nonus.
1295 456 1342 522 37

163 613 480 708 comparationem
498 612 584 684 satis
604 611 846 706 manifestam,
872 612 1012 686 dicens:
1029 617 1057 685 tl
1077 615 1342 705 fiummeppiar,

164 735 255 809 idest
275 733 461 808 ventilatio
487 732 647 805 llammae
672 752 849 827 accensae,
867 754 931 805 era
949 726 972 805 d
990 737 1040 806 tol
1054 736 1116 806 dai
1133 736 1295 824 cotoopni
1315 753 1339 804 o

164 857 330 945 tepente,
348 852 438 926 idest
455 858 535 926 erat
561 851 609 925 ita
636 851 673 923 in
698 851 866 926 discursu
890 852 1108 948 superficiali
1135 854 1256 926 solum
1275 872 1341 946 per

162 975 327 1069 plantam
346 973 456 1067 pedis,
476 976 572 1064 qual,
590 973 718 1066 supple
734 975 760 1044 'l
781 975 994 1063 fiameppior
1019 976 1062 1046 de
1087 977 1117 1045 le
1142 995 1219 1046 cose
1245 980 1337 1064 unte,

163 1098 244 1168 suot
268 1098 420 1168 moverat
438 1116 512 1186 pur
531 1115 600 1185 per
626 1096 661 1164 lo
687 1093 806 1165 buceta
831 1100 974 1184 stremo,
1001 1093 1092 1167 idest
1118 1114 1184 1186 per
1209 1093 1341 1187 pellem

167 1216 405 1308 exteriorem,
423 1214 529 1287 cuius
555 1213 648 1287 ratio
675 1219 729 1286 est
756 1214 943 1308 naturalis,
961 1214 1047 1306 quia
1066 1214 1158 1310 ignis
1176 1213 1343 1307 sequitur

167 1335 439 1409 nutrimentum
457 1354 568 1406 suum
587 1353 661 1427 quo
680 1333 797 1429 magis
810 1341 1050 1408 conservetur
1065 1328 1121 1427 (¹),
1139 1341 1176 1407 et
1193 1334 1243 1407 sic
1261 1333 1344 1406 vide

168 1455 482 1550 comparationem
493 1454 679 1547 propriam
690 1453 735 1527 ad
745 1454 1080 1548 propositum,quia
1091 1456 1184 1528 sicut
1194 1455 1343 1529 llamma

168 1574 343 1648 discurrit
360 1565 578 1666 velocitert²t
594 1593 660 1668 per
677 1573 909 1667 superficiem
928 1575 981 1647 rei
1000 1582 1131 1667 unctae,
1146 1575 1165 1617 *
1179 1575 1227 1648 ita
1247 1595 1344 1648 nunc

168 1696 320 1768 damma
351 1694 580 1768 discurrebat
611 1714 676 1788 per
711 1692 943 1786 superficiem
975 1694 1107 1788 plantae
1134 1693 1287 1768 unctae*
1305 1686 1343 1786 (³l

169 1817 327 1891 istorum
354 1816 506 1890 divitum
534 1813 726 1909 pinguium
753 1814 996 1888 sacerdotum.

246 1939 308 2008 Old
332 1931 368 2008 de
393 1938 495 2025 colui,
522 1939 688 2006 Moestro.
716 1935 787 2006 lsta
814 1940 868 2007 est
895 1933 1054 2007 secunda
1088 1954 1172 2027 pars
1202 1934 1240 2006 in
1271 1954 1345 2027 qua

169 2062 280 2129 autor
319 2055 516 2130 introducit
549 2075 667 2128 unum
703 2075 893 2127 summum
925 2055 1145 2149 pontificem,
1178 2055 1239 2149 qui
1279 2055 1346 2127 luit

170 2196 320 2250 summe
345 2176 542 2250 infamatus
568 2175 636 2248 isto
654 2174 741 2248 vitio
758 2174 933 2247 simoniae.
955 2174 1039 2248 ldeo
1059 2175 1153 2248 bene
1172 2175 1273 2271 fingit
1308 2195 1347 2248 se

172 2296 299 2370 videre
325 2317 455 2390 unum,
474 2295 537 2388 qui
557 2295 686 2367 lortius
704 2294 845 2367 caeteris
866 2294 1074 2389 exagitabat
1092 2315 1202 2367 crura
1224 2301 1260 2368 et
1281 2314 1347 2389 pe-

171 2416 249 2509 des,
270 2422 307 2490 et
332 2416 421 2509 petit
438 2436 459 2488 a
478 2414 626 2509 Virgilio
645 2413 726 2506 quis
747 2414 792 2486 sit
806 2401 857 2505 (Β),
878 2413 1024 2486 dicens:
1047 2416 1129 2485 diss'
1142 2418 1190 2505 io,
1211 2414 1345 2487 scilicet

172 2536 335 2632 Virgilio,
362 2556 384 2606 o
410 2540 579 2625 Moestro,
605 2536 659 2604 obi
683 2526 719 2604 eb
744 2535 834 2604 colui
852 2536 911 2604 alre
936 2554 972 2603 se
997 2538 1147 2624 croceio,
1165 2533 1255 2607 idest
1274 2534 1347 2620 ira—

174 2656 300 2749 scitur,
318 2655 525 2745 puiott'ondo
535 2649 600 2745 pot
624 2655 683 2724 olto
700 2656 750 2743 qli
767 2656 851 2725 altri
866 2656 920 2724 sot
939 2656 1106 2743 consorti,
1125 2653 1215 2726 idest
1233 2674 1344 2747 quam

172 2775 234 2849 alii
252 2774 391 2869 praelati
409 2773 556 2867 plantati
576 2779 612 2845 et
630 2772 744 2866 puniti
763 2772 809 2844 ibi
828 2792 972 2845 secum:
992 2778 1109 2865 potest
1127 2773 1237 2845 etiam
1255 2772 1349 2847 forte

173 2895 325 2990 intelligi
351 2893 397 2967 de
422 2892 652 2967 consortibus
666 2884 702 2985 (⁶)
731 2913 809 2965 suae
825 2893 955 2987 stirpis,
974 2894 1059 2986 quia
1076 2884 1112 2984 (⁶)
1131 2913 1216 2965 cum
1243 2893 1348 2966 multi

173 3016 311 3090 luerint
323 3014 462 3108 praelati
479 3012 667 3087 simoniaci
685 3011 731 3087 de
746 3013 894 3106 Ursinis,
908 3014 975 3087 iste
992 3020 1116 3087 tamen
1135 3013 1202 3086 luit
1219 3015 1349 3108 major,

174 3137 252 3210 imo
278 3134 345 3206 luit
371 3132 474 3228 quasi
500 3131 640 3226 primus
666 3153 759 3226 papa
786 3132 849 3226 qui
873 3138 969 3206 esset
986 3133 1129 3227 publice
1150 3132 1349 3207 infamatus

175 3257 223 3330 de
248 3254 413 3328 simonia.
440 3254 511 3325 lste
536 3251 633 3324 enim
661 3259 741 3325 erat
766 3272 858 3345 papa
876 3252 1045 3325 Nicolaus
1070 3253 1115 3325 de
1138 3253 1285 3346 UrsiniS,
1304 3251 1350 3326 de

176 3396 254 3469 quo
270 3374 363 3447 inira
381 3374 487 3467 plene
505 3370 662 3463 dicetur3
681 3377 718 3444 et
737 3371 850 3466 tangit
867 3360 902 3463 (⁷)
923 3391 1072 3444 causam
1091 3373 1186 3445 illius
1204 3393 1349 3469 magnae

178 3493 396 3591 agitationis,
423 3491 565 3564 dicens:
592 3512 610 3561 e
634 3492 690 3562 coi
710 3493 856 3582 flammo
876 3486 939 3581 pid
964 3494 1093 3581 roppio
1114 3495 1242 3584 suedo,
1261 3493 1352 3567 idest

179 3627 218 3691 et
244 3633 356 3708 quem
383 3612 531 3685 flamma
556 3609 673 3705 magis
700 3609 815 3683 rubea
828 3598 863 3699 (⁸)
892 3630 1002 3702 quam
1027 3609 1212 3685 ardentior
1230 3612 1352 3685 adurit

178 3743 218 3809 et
242 3733 394 3808 cruciat.
421 3732 465 3803 llt
490 3729 609 3802 subdit
635 3730 908 3823 responsionem
931 3730 1068 3824 Virgilii
1089 3731 1134 3802 ad
1153 3751 1192 3804 se
1213 3732 1275 3824 qui
1297 3731 1353 3805 ol-

180 3856 253 3928 lert
277 3874 317 3927 se
342 3859 576 3947 portaturum
603 3851 720 3945 ipsum
748 3849 898 3922 interius
923 3848 970 3922 ad
993 3850 1094 3923 illum
1114 3851 1279 3945 spiritum
1307 3852 1352 3926 ad

180 3971 440 4068 inquirendum
466 3970 512 4044 de
537 3971 616 4044 eius
642 3969 842 4042 substantia
861 3974 897 4043 et
914 3970 1104 4063 qualitate,
1127 3970 1225 4044 unde
1251 3970 1351 4045 dicit:

178 4100 213 4166 et
236 4096 293 4166 elli
316 4114 340 4164 o
365 4113 431 4182 me,
456 4089 589 4164 scilicet
615 4089 787 4184 Virgilius
812 4089 1010 4183 respondit:
1030 4096 1065 4162 tu
1081 4093 1208 4182 soproi
1232 4093 1280 4163 do
1307 4095 1355 4165 lui

241 4277 271 4339 (¹)
288 4282 342 4336 116,
359 4282 537 4327 conservatur.
838 4273 865 4334 t'l
883 4276 913 4324 E.
930 4275 1054 4325 velociter
1070 4289 1148 4339 cuper
1164 4277 1257 4327 faciem
1274 4279 1322 4328 rei.

243 4353 270 4415 (³)
286 4353 388 4415 Quanto
404 4356 419 4403 e
434 4365 570 4416 compreso
586 4350 626 4400 ira
644 4351 652 4400 i
668 4350 719 4401 due
736 4351 867 4400 asteriscbi
886 4365 977 4400 manca
993 4352 1036 4401 nel
1053 4356 1142 4402 nostro
1160 4358 1237 4415 testo;
1256 4357 1270 4404 d
1286 4359 1353 4405 stato

180 4430 295 4494 snpplllo
310 4430 378 4493 dagli
395 4429 455 4480 allrl
470 4429 565 4480 Codicl.

243 4506 270 4568 (¹)
285 4506 311 4557 S.
327 4508 360 4557 sit
376 4506 430 4567 illc,
448 4507 542 4557 dicens.
840 4505 867 4566 (¹)
884 4505 908 4554 S.
927 4507 1067 4557 consortio.

246 4582 272 4646 (“)
288 4583 319 4634 E.
335 4586 393 4648 quia
411 4585 487 4635 multi
502 4585 610 4635 suerunt
626 4581 734 4646 praelatt.
840 4582 866 4644 (Ἴ)
884 4587 937 4644 llo,
955 4585 1045 4647 letigit.
1141 4582 1168 4644 (¹)
1184 4583 1215 4632 E.
1234 4585 1322 4636 rubra.
